4300 5916
517 594 579 656 seo
967 657 970 664 ,
1035 591 1220 655 rounam
1244 592 1397 667 ousarr
1733 596 1925 678 [manso.

519 730 600 803 lecti
618 728 794 802 familiaris
805 739 844 801 et
858 725 970 804 fidelis
986 728 1114 819 nostri,
1133 705 1332 821 obligamus
1343 727 1458 802 eidam
1478 729 1595 803 comiti
1614 731 1755 804 nomine
1771 734 1928 829 pignoris

517 853 693 926 civitatem
708 861 861 924 nostram
877 853 922 926 de
938 852 1153 946 Nordlingen
1169 851 1355 926 tenendam
1374 864 1417 948 et
1429 854 1688 928 defendendam
1702 857 1780 929 looo
1796 869 1833 930 et
1849 859 1927 932 vice

519 987 636 1049 nostra
653 977 698 1048 ab
717 976 878 1049 omuibus
893 977 1170 1049 infestationibus
1185 977 1381 1050 emulorum
1396 987 1612 1070 nostrorum,
1628 981 1676 1052 ita
1695 992 1812 1052 tamen
1830 981 1925 1074 qnod

517 1122 628 1193 nsque
644 1099 691 1172 ad
708 1102 906 1195 proximum
926 1101 1079 1172 futurum
1102 1101 1227 1172 festum
1243 1101 1346 1174 beate
1362 1102 1552 1198 Walpurge
1568 1099 1699 1202 [hujus]
1715 1104 1814 1194 anni,
1831 1125 1925 1178 none

518 1224 729 1315 indictionis,
751 1225 886 1295 nullum
911 1224 1183 1296 emolumentum
1205 1224 1312 1297 debet
1331 1248 1379 1298 ex
1398 1226 1475 1321 ipsa
1501 1227 1641 1300 civitate
1664 1229 1864 1323 percipere,
1890 1239 1926 1302 et

519 1348 613 1422 cives
637 1359 775 1421 nostros
803 1348 959 1441 ejusdem
983 1348 1089 1420 nullis
1113 1349 1277 1444 precariis
1296 1352 1355 1422 vel
1384 1351 1626 1424 exactionibus
1654 1352 1728 1425 sive
1750 1353 1924 1446 aliquibus

519 1473 595 1546 eliis
613 1472 761 1545 servitiis
781 1493 961 1564 agravare.
979 1473 1024 1544 lit
1042 1469 1071 1544 si
1089 1494 1201 1566 usque
1220 1473 1266 1545 ad
1285 1473 1445 1546 eumdem
1464 1474 1648 1546 terminum
1664 1475 1810 1570 predicti
1831 1477 1924 1550 cives

518 1598 564 1669 de
587 1598 775 1692 llatispona
804 1597 1046 1670 nunciaverint
1076 1596 1192 1669 eidem
1218 1596 1335 1669 comiti
1366 1597 1558 1693 plenariam
1587 1598 1855 1672 satisfactionem
1878 1601 1923 1674 de

518 1721 660 1818 prefatis
684 1720 786 1793 bonis
808 1743 928 1794 eorum
951 1721 987 1792 iu
1013 1729 1132 1792 nostra
1162 1719 1256 1792 curia
1277 1721 1487 1811 obtinuisse,
1506 1721 1599 1794 idem
1621 1743 1739 1794 comes
1765 1725 1922 1796 eamdem

518 1846 692 1920 civitatem
717 1856 871 1918 nostram
890 1855 1029 1917 tenetur
1050 1844 1150 1918 nobis
1171 1843 1367 1936 relinquere
1382 1846 1529 1918 liberam
1548 1857 1583 1918 et
1603 1845 1764 1918 solutam.
1788 1847 1824 1918 Si
1840 1868 1921 1920 vero

519 1970 649 2043 eisdem
668 1968 802 2042 civibus
824 1989 887 2062 per
903 1989 967 2040 nos
990 1967 1079 2039 sicut
1101 1967 1232 2040 dictum
1260 1979 1312 2038 est
1339 1966 1498 2041 satisfieri
1524 1991 1594 2042 non
1619 1979 1756 2064 posset,
1782 1979 1864 2042 tune
1885 1971 1921 2041 in

518 2093 676 2188 predicto
703 2092 849 2166 termino
877 2092 979 2164 beate
1002 2092 1191 2187 Welpurge
1217 2091 1397 2164 lludolffus
1422 2103 1459 2165 et
1485 2093 1704 2165 Hermannus
1728 2095 1853 2168 iratres
1877 2093 1922 2166 de

517 2215 709 2288 llurnheim
733 2225 769 2287 et
792 2215 971 2288 Corradus
998 2216 1168 2312 Kroppio‚
1195 2215 1317 2289 fideles
1340 2216 1468 2308 nostri,
1491 2216 1537 2289 de
1561 2217 1778 2313 plenitudine
1807 2227 1921 2290 nostre

516 2341 706 2414 voluntatis
722 2349 757 2413 et
772 2339 1078 2434 ejusdemcomitis
1093 2349 1214 2412 taxare
1231 2349 1393 2412 tenemur
1408 2349 1444 2413 et
1463 2341 1624 2412 estimare
1640 2363 1813 2414 summam
1830 2341 1923 2436 capi·

517 2466 595 2538 talis
617 2463 764 2560 pecunie
782 2464 827 2536 de
842 2465 1042 2537 memoratis
1056 2465 1159 2537 bonis
1179 2465 1308 2537 civium
1326 2465 1628 2561 Ratisponensium
1646 2487 1711 2562 per
1729 2465 1922 2562 predictum

515 2590 728 2663 Fridericum
745 2588 790 2661 de
814 2589 1004 2661 Monsenek
1034 2589 1158 2661 ablatis
1183 2599 1219 2661 et
1245 2589 1395 2663 detentis
1422 2611 1558 2684 εηηηη]
1579 2589 1762 2686 ρ66ηη16ηι
1789 2592 1921 2663 solvere

516 2715 600 2810 ipsis
618 2714 752 2786 civibus
775 2713 944 2786 serenitas
964 2724 1083 2785 nostra
1106 2714 1311 2809 spopondit,
1332 2725 1367 2786 et
1388 2713 1417 2786 si
1442 2715 1530 2787 iorte
1549 2714 1595 2786 ad
1615 2715 1818 2787 eorumdem
1843 2714 1921 2786 esti-

516 2839 703 2910 mationem
728 2838 899 2910 bonorum
925 2835 1030 2909 iidem
1057 2838 1181 2909 iratres
1207 2837 1252 2910 de
1276 2837 1465 2909 ilumbeim
1493 2847 1530 2910 et
1555 2838 1711 2934 Kropplo
1739 2839 1853 2912 donec
1876 2837 1921 2911 ad

515 2963 679 3035 eumdem
703 2961 888 3035 terminum
912 2961 1052 3033 minime
1076 2961 1304 3054 convenient,
1330 2983 1377 3034 ex
1400 2971 1482 3034 tuno
1502 2958 1553 3059 (a)
1570 2961 1729 3035 eamdem
1748 2963 1919 3035 civitatem

516 3097 670 3159 nostram
693 3085 758 3182 ipsi
780 3086 897 3158 comiti
920 3085 1108 3178 obligatam
1129 3107 1204 3157 esse
1225 3086 1464 3178 cognoscimus
1489 3107 1553 3182 pro
1575 3087 1775 3179 quingentis
1799 3086 1920 3159 marcis

516 3211 665 3304 argenti,
681 3210 725 3283 de
743 3210 870 3304 quibus
882 3187 1065 3282 ‘annuatim
1082 3210 1261 3306 percipere
1276 3220 1358 3282 tunc
1375 3210 1516 3283 debete
1534 3209 1668 3283 civibus
1682 3210 1823 3306 prelatis
1838 3209 1920 3282 civi·

516 3335 598 3407 tatis
613 3346 732 3407 nostre
756 3332 850 3406 idem
870 3355 987 3406 comes
1007 3355 1142 3406 marcas
1164 3333 1299 3427 argenti
1326 3344 1467 3406 cenmm
1492 3333 1762 3429 quinquaginta,
1790 3333 1920 3407 medie·

517 3468 623 3532 tatem
645 3458 807 3530 videlicet
826 3459 862 3530 in
884 3459 972 3531 sesto
990 3459 1212 3530 Pentecostes
1236 3468 1273 3530 et
1296 3458 1466 3554 reliquam
1489 3459 1525 3531 in
1547 3459 1636 3531 sesto
1652 3458 1746 3530 beati
1765 3458 1918 3549 Martini,

516 3582 682 3679 predictis
700 3581 833 3671 civibus
849 3582 1156 3678 Ratisponensibus
1172 3581 1420 3677 persolvendas
1436 3593 1473 3655 et
1490 3582 1787 3677 excomputandas
1804 3604 1825 3654 a
1842 3603 1920 3677 pre·

516 3711 587 3780 lato
600 3705 776 3780 Friderioo
790 3706 834 3778 de
845 3706 1034 3780 blonsenek
1046 3727 1111 3800 pro
1127 3705 1251 3778 debitis
1262 3706 1297 3776 in
1312 3706 1439 3800 quibus
1451 3706 1516 3778 sibi
1531 3715 1702 3778 wnemur.
1716 3708 1802 3778 ltem
1817 3705 1921 3778 debet

516 3830 610 3903 idem
628 3850 745 3901 comes
755 3829 936 3924 percipere
952 3829 1097 3922 singulis
1112 3829 1212 3902 annis
1228 3829 1273 3902 de
1291 3829 1366 3926 ipsa
1384 3829 1524 3902 civitate
1540 3838 1673 3920 nostra,
1692 3827 1804 3901 donec
1819 3827 1922 3901 luerit

515 3953 550 4025 in
568 3952 728 4024 manibus
748 3952 824 4044 ejus
839 3951 876 4024 in
892 3951 1056 4046 pignore,
1071 3952 1194 4044 viginti
1214 3953 1320 4024 libras
1343 3953 1556 4026 ilallensium
1572 3954 1619 4026 ad
1644 3952 1921 4026 satisfaciendum

516 4077 679 4172 expensis
697 4086 734 4148 ot
756 4075 1077 4172 excomputandum
1098 4077 1256 4150 ltabnoni
1274 4077 1440 4172 pincerne
1456 4075 1501 4150 de
1517 4077 1623 4170 Ering
1645 4088 1681 4150 et
1700 4077 1857 4173 dapifero
1877 4075 1921 4148 de

514 4198 754 4290 Recheuberg
777 4198 945 4272 militibus
965 4198 1123 4291 ejusdem
1147 4200 1295 4292 comitis,
1316 4222 1381 4295 pro
1396 4201 1516 4274 debito
1534 4201 1715 4294 sexaginta
1729 4219 1922 4273 marearum

515 4323 551 4394 iu
568 4323 694 4417 quibus
710 4322 760 4394 eis
778 4322 824 4394 de
842 4322 1070 4417 promissione
1085 4333 1204 4396 nostra
1222 4333 1392 4417 tenemur,
1412 4334 1448 4396 et
1465 4324 1501 4398 in
1517 4326 1615 4397 nullo
1631 4324 1700 4397 alio
1720 4335 1791 4396 tam
1802 4321 1921 4394 minis·

514 4457 568 4519 ter
586 4469 692 4541 quam
708 4447 803 4521 cives
820 4446 929 4520 nostri
948 4446 1097 4542 predicti
1116 4457 1279 4520 tenentur
1300 4447 1415 4522 eidem
1436 4448 1553 4524 comiti
1573 4445 1798 4544 respondere.
1819 4435 1941 4518 Facta'

557 4710 598 4791 (a)
620 4711 657 4772 ln
670 4715 811 4791 tmprouo
822 4711 871 4776 hle
883 4711 968 4776 adest
977 4709 1019 4774 nd
1028 4733 1041 4772 .·
1050 4713 1131 4793 qnod
1143 4712 1294 4776 abundare
1307 4713 1436 4776 ridetur.
