4352 5940
247 652 410 730 tuncne]
698 649 895 712 HISTORIA
919 645 1213 710 ntt’nottsrtctt.
1598 638 1656 700 621

249 809 428 885 procuras,
445 787 618 883 prelatum
631 795 840 858 conventum
855 806 960 880 super
972 783 1147 879 predictas
1160 788 1281 854 contra
1290 777 1459 871 justitiam
1473 775 1610 872 impetis
1623 786 1660 848 et

246 912 423 984 molestas.
439 909 721 1006 Supplicantibus
735 907 839 1001 igitur
852 908 1017 1004 predictis
1030 906 1192 979 fidelibus
1207 903 1334 976 nostris
1347 923 1452 996 super
1464 921 1523 973 eas
1537 921 1658 972 secun·

246 1035 330 1107 dum
344 1034 513 1127 justitiam
527 1033 717 1128 provideri,
729 1034 886 1105 nolentes
901 1053 962 1104 eos
979 1031 1023 1104 de
1040 1029 1106 1102 hiis
1115 1029 1254 1121 juribus
1266 1025 1484 1116 defraudari,
1499 1021 1658 1098 fidelitati

247 1167 305 1228 tue
318 1157 544 1252 precipiendo
557 1158 764 1258 mandamus
778 1155 941 1248 quatinus
953 1156 1126 1250 prelatum
1146 1164 1359 1232 conventum
1379 1149 1500 1221 fideles
1519 1159 1657 1221 nostros

246 1299 352 1374 super
368 1280 534 1375 predictis
547 1289 667 1352 contra
678 1279 849 1371 justitiam
863 1301 934 1352 non
948 1278 1095 1374 impetas
1107 1299 1174 1350 nec
1186 1278 1363 1363 molestes,
1379 1273 1442 1346 sed
1455 1274 1548 1368 ipsos
1561 1273 1597 1343 in
1614 1293 1656 1345 eo

244 1411 336 1473 statu
354 1424 429 1474 esse
443 1404 623 1498 permittas
646 1425 717 1496 quo
741 1413 897 1497 tempore
918 1403 1096 1495 quondam
1117 1401 1264 1474 aliorum
1287 1399 1454 1471 abbatum
1481 1397 1654 1470 deceden-

244 1525 433 1618 tium,cum
443 1528 615 1622 prelatum
631 1526 880 1599 monasterium
894 1526 1273 1616 vacabat,couventum
1289 1523 1461 1619 prelatum
1480 1572 1650 1593 .....

247 1699 583 1722 .........
586 1633 588 1638 ’
615 1703 624 1722 .
655 1703 665 1722 .
696 1703 706 1722 .
737 1703 747 1722 .
778 1703 787 1722 .
819 1703 828 1722 .
860 1706 866 1724 2
900 1703 910 1722 .
941 1703 951 1722 .
981 1705 989 1722 .
1023 1702 1032 1721 .
1064 1701 1073 1722 .
1105 1644 1655 1743 ,quodjustamnouaudiamus

204 1837 207 1846 .
243 1771 371 1844 iterum
383 1774 420 1845 in
435 1772 501 1846 hac
514 1783 613 1868 parte
626 1775 953 1866 querelamllatum
963 1772 1272 1864 Cremone,ultimo
1287 1771 1419 1865 aprilis,
1433 1780 1533 1842 sexte
1546 1768 1655 1842 indic·

243 1895 360 1968 tionis.
374 1937 423 1950 -
438 1897 494 1970 Ad
513 1899 611 1989 cujus
624 1897 868 1970 executionem
883 1897 972 1970 sacri
987 1896 1142 1968 mandati
1156 1895 1200 1968 de
1218 1893 1453 1967 controversia
1468 1891 1653 1964 intenden-

240 2029 296 2091 tes
309 2020 549 2116 probationem
566 2021 802 2118 recipiendam
817 2043 922 2117 super
938 2020 1113 2116 premissis
1126 2040 1147 2091 a
1161 2029 1259 2114 parte
1277 2025 1469 2090 conventus
1485 2016 1649 2112 predicti,

238 2163 305 2236 per
321 2142 454 2216 litteras
469 2154 605 2217 nostras
624 2153 781 2218 tenorem
795 2145 988 2218 litterarum
1004 2143 1271 2240 prescriptamm
1292 2141 1520 2237 imperialium
1539 2139 1651 2213 conti·

238 2277 366 2338 nentes
369 2319 865 2341 .............
889 2268 1000 2361 judici
1014 2268 1154 2340 Nicolao
1169 2267 1214 2339 de
1227 2265 1374 2339 Patricio
1384 2264 1494 2358 judici
1509 2273 1544 2337 et
1556 2273 1652 2337 nota·

239 2391 294 2463 rio
312 2392 481 2464 Panormo
495 2393 630 2466 notario
645 2402 801 2466 actorum
816 2396 852 2463 in
867 2391 1078 2485 bajulatione
1092 2391 1230 2464 Tarenti
1244 2389 1535 2480 commisimuS,et
1550 2399 1591 2460 ut
1606 2389 1658 2503 de⁸

238 2515 315 2609 ipsa
332 2526 471 2611 recepta
486 2517 614 2588 iaciant
633 2515 709 2588 lieri
729 2517 908 2612 publicum
924 2516 1204 2588 instrumentum.
1221 2515 1298 2600 Quo
1317 2515 1547 2585 instrumento
1561 2515 1652 2585 lacto

238 2650 276 2711 et
288 2640 390 2712 uobis
402 2663 467 2736 per
480 2641 621 2713 eosdem
634 2651 771 2714 nostros
784 2641 1036 2713 commissarios
1049 2649 1261 2736 presentato,
1279 2639 1533 2710 communicato
1547 2658 1653 2732 snper

237 2763 453 2858 probationis
468 2764 576 2860 ipsius
591 2763 744 2837 efficacia
762 2765 888 2838 stallis
909 2765 1053 2838 consilio
1069 2765 1282 2859 sapientum,
1303 2763 1384 2855 quia
1402 2761 1547 2856 predicti
1565 2782 1650 2832 con·

237 2896 366 2958 ventus
382 2888 610 2961 intentionem
624 2888 660 2960 in
675 2899 786 2961 totum
798 2889 980 2962 laudatam
993 2889 1318 2980 invenimus,quum
1325 2888 1428 2979 juxta
1442 2885 1530 2958 sacri
1543 2885 1652 2980 impe·

237 3009 334 3082 rialis
356 3011 504 3106 predicti
526 3012 681 3084 mandati
702 3023 858 3085 tenorem
880 3034 902 3084 a
922 3012 1161 3084 molestatione
1185 3022 1221 3084 et
1248 3010 1461 3106 impetitione
1487 3008 1651 3106 predictis

237 3134 407 3208 desistere
429 3137 636 3227 debeamus,
655 3137 840 3232 prudentie
864 3147 979 3209 vestre
1001 3159 1048 3208 ex
1070 3147 1168 3231 parte
1191 3135 1361 3229 imperiali
1382 3155 1453 3227 qua
1475 3133 1652 3226 fungimur

235 3259 443 3332 auctoritate
464 3261 670 3332 mandamus
695 3271 866 3355 quatenns
881 3283 903 3332 a
921 3260 1162 3356 procuratione
1178 3260 1322 3332 ecclesie
1341 3258 1456 3330 Sancti
1472 3257 1563 3329 Petri
1583 3258 1648 3328 im·

236 3383 379 3478 perialis
394 3383 438 3456 de
456 3385 603 3458 Tarento
617 3385 717 3457 vobis
736 3384 781 3457 de
796 3395 916 3458 nostro
933 3385 1097 3458 mandato
1114 3383 1297 3456 commissa
1313 3383 1358 3480 de
1374 3393 1489 3455 cetero
1503 3382 1649 3456 desista-

238 3506 296 3599 tis,
306 3521 519 3579 conventum
533 3509 706 3603 prelatum
719 3508 898 3582 ineonon
908 3508 1116 3604 impetentes
1126 3510 1180 3580 vel
1185 3557 1560 3581 ..........
1577 3528 1649 3578 mo·

239 3631 422 3722 lestantes,
433 3632 536 3724 juxta
554 3641 710 3704 tenorem
733 3653 909 3704 sacrarum
930 3633 1121 3704 litterarum
1142 3632 1373 3727 imperialium
1397 3629 1644 3725 predictarum.

239 3752 369 3824 Datum
383 3753 534 3844 Tarenti,
552 3754 720 3848 vigesimo
734 3755 837 3848 junii,
853 3766 954 3828 sexte
968 3756 1177 3829 indictionis.

289 3875 418 3947 Verum
433 3898 542 3970 quum
556 3878 712 3971 predicte
726 3879 899 3952 autentice
918 3880 1031 3952 littere
1047 3901 1156 3975 penes
1172 3879 1343 3973 prelatum
1357 3877 1510 3969 judicem
1523 3876 1649 3950 loban-

237 4019 320 4070 nem
333 4010 585 4090 remanserant,
600 4000 646 4073 ad
661 4002 865 4096 petitionem
881 4013 917 4075 et
929 4005 1100 4075 cautelam
1113 4003 1259 4098 predicti
1275 4001 1389 4073 fratris
1406 4001 1563 4092 Gregorii
1576 4021 1648 4074 mo·

235 4121 342 4196 nacbi
361 4123 555 4196 Casinensis
577 4133 614 4196 et
630 4137 823 4200 conventus
844 4126 1001 4218 ejusdem
1024 4126 1225 4200 monasterii
1248 4125 1585 4219 securitatem,ipsas
1602 4125 1646 4198 de

235 4247 347 4320 verbo
360 4246 407 4319 ad
417 4247 563 4318 verbum
576 4246 725 4322 fideliter
734 4250 919 4322 transcribi
933 4259 969 4324 et
982 4250 1017 4322 in
1031 4251 1207 4345 publicam
1220 4250 1368 4321 formam
1382 4249 1492 4341 redigi
1503 4249 1647 4320 lecimus

236 4390 301 4466 per
316 4391 440 4442 manus
453 4370 615 4443 Panormi
631 4372 819 4469 imperialis
834 4374 964 4469 publici
976 4373 1114 4446 Tarenti
1130 4373 1268 4466 notarii,
1278 4383 1314 4446 et
1328 4373 1455 4444 nostris
1470 4373 1645 4468 subscrip-

237 4491 390 4565 tionibus
415 4494 619 4566 roborantes
641 4495 755 4568 eidem
777 4497 873 4568 fratri
903 4497 1067 4590 Gregorio
1097 4496 1238 4569 easdem
1273 4496 1542 4588 assignavimus,
1569 4496 1643 4586 die,

238 4636 359 4687 meuse
373 4626 409 4686 et
426 4615 614 4689 indictione
630 4620 848 4714 pretitulatis.

290 4735 420 4834 (Adest
432 4739 569 4831 siguum
581 4741 738 4840 notarii.)

317 4861 370 4924 vt.
391 4876 447 4923 rm
460 4877 483 4923 a.
