4352 5940
1041 621 1258 687 rntnsnrct
1284 623 1457 688 succum
1756 619 1840 704 [Am.
1857 621 1946 685 retr.

350 1217 380 1262 s
429 1177 458 1208 ¹¹⁰
475 1199 495 1262 t.
594 1179 834 1262 Innocentius
860 1204 960 1287 papa
982 1179 1092 1261 Petro
1115 1178 1243 1261 Sancti
1266 1177 1416 1288 Georgii
1443 1179 1493 1261 ad
1513 1177 1640 1261 velum
1666 1203 1825 1262 aureum
1851 1179 1943 1263 dia-

539 1336 636 1394 oono
654 1310 837 1393 cardinali
855 1311 1013 1393 mandat
1030 1311 1136 1420 quod
1153 1311 1477 1420 archiepiscopum
1495 1311 1861 1422 Magdeburgensem
1877 1313 1943 1421 qui

539 1444 826 1526 matrimonium
858 1444 955 1526 inter
983 1443 1215 1526 Fridericum
1242 1444 1438 1553 quondam
1464 1443 1729 1553 imperatorem
1755 1455 1794 1526 et
1824 1443 1942 1525 filiam

538 1576 647 1659 ducis
684 1577 869 1660 Saxoniae
904 1586 1097 1684 procurat,
1114 1601 1261 1659 necnon
1297 1575 1556 1659 Patariensem
1588 1602 1633 1659 ac
1663 1576 1943 1686 Frisingensem

537 1709 732 1818 episcopos
763 1711 812 1792 ad
848 1709 983 1792 Sedem
1015 1709 1271 1818 Apostolieam
1300 1710 1411 1818 citet,
1440 1721 1606 1794 caeteros
1636 1708 1816 1792 Friderici
1847 1708 1941 1792 fau-

536 1850 637 1924 tores
653 1868 722 1951 per
739 1867 939 1924 censuram
958 1840 1249 1924 ecclesiasticam
1268 1843 1544 1952 compellendo.
1901 1851 1906 1861 '

616 2052 717 2132 (Edtd.
734 2055 911 2126 Berraum,
925 2053 1033 2114 donat
1049 2052 1158 2134 eccla,
1173 2056 1212 2115 ad
1225 2073 1296 2122 auu.
1315 2065 1405 2134 12⁴7,
1420 2057 1537 2135 svm,
1552 2055 1604 2117 ubl
1624 2058 1740 2118 tnltlum
1760 2055 1843 2118 deest
1862 2055 1942 2136 quod

652 2159 790 2220 addlmos
803 2177 820 2220 a
833 2165 946 2240 regesto
959 2161 1035 2224 Bibl.
1051 2159 1149 2222 Cesar.
1164 2163 1259 2224 Paris.
1274 2163 1358 2240 epist.
1377 2168 1446 2242 88¹1,
1460 2160 1513 2221 fol.
1529 2159 1614 2238 tro.)

580 2344 818 2436 Innocentius,
837 2355 921 2434 etc,
937 2347 975 2418 P.
992 2347 1108 2418 Sancti
1129 2345 1266 2438 Georgii
1285 2347 1332 2419 ad
1351 2346 1470 2418 velum
1490 2367 1636 2418 aureum
1657 2345 1805 2420 diacono
1825 2347 1941 2420 cardi-

531 2463 822 2560 nali,Apostolioe
838 2467 937 2539 Sedis
954 2467 1080 2560 legato,
1094 2478 1163 2540 etc.
1180 2470 1282 2540 Dolet
1298 2478 1333 2540 et
1348 2469 1468 2542 dolere
1484 2469 1589 2541 debet
1604 2469 1756 2541 Ecclesia
1770 2470 1940 2563 generalis

531 2596 568 2659 et
587 2607 746 2660 noscam
769 2611 810 2662 ca
831 2599 867 2662 et
887 2612 953 2686 pro
973 2611 1015 2664 ea
1031 2592 1189 2664 dolemus
1209 2592 1397 2687 plurimum
1416 2601 1452 2664 et
1470 2593 1664 2684 turbamur,
1681 2615 1760 2664 cum
1779 2595 1939 2667 audimus

530 2713 680 2806 prelatos
696 2713 756 2805 qui
772 2723 1032 2808 persecutorum
1052 2715 1208 2787 flammas
1229 2717 1355 2810 quibus
1376 2717 1535 2788 exuritur
1556 2716 1709 2789 Ecclesia
1730 2717 1768 2788 in
1788 2718 1939 2812 presenti

529 2835 699 2908 deberent
714 2838 930 2931 extinguere,
949 2862 1019 2912 non
1037 2841 1147 2912 solum
1164 2841 1258 2913 nolle
1275 2841 1485 2914 detensionis
1503 2861 1642 2912 manum
1659 2841 1939 2936 persecutionum

529 2958 666 3052 ignibus
688 2961 874 3052 adhibere,
894 2986 1017 3036 verum
1041 2967 1144 3038 etiam
1165 2965 1423 3060 quodammodo
1444 2964 1543 3057 ignes
1561 2966 1752 3039 accendere
1779 2964 1935 3059 ignibus,

528 3085 688 3158 eamdem
709 3087 897 3158 Ecclesiam
914 3089 1152 3185 multipliciter
1170 3091 1425 3186 persequendo.
1447 3090 1532 3162 Cum
1553 3090 1646 3161 enim
1661 3090 1937 3183 Magdeburgen·

527 3225 600 3280 sem
616 3208 912 3308 archiepiscopum
929 3221 964 3284 et
979 3214 1217 3286 Pataviensem
1235 3235 1278 3286 ac
1292 3213 1545 3306 Frisingensem
1565 3213 1745 3309 episcopos
1760 3213 1858 3285 velut
1871 3233 1936 3288 no·

527 3329 609 3403 bilia
624 3334 778 3406 membra
793 3333 944 3408 Ecclesie
958 3338 1047 3410 adeo
1064 3339 1208 3410 deberet
1221 3337 1440 3410 commedere
1457 3338 1552 3408 zelus
1570 3339 1646 3429 ejus
1658 3345 1698 3407 ut
1710 3357 1782 3410 non
1796 3349 1937 3431 possent

526 3456 711 3551 opprobria
724 3458 774 3530 illi
788 3462 1074 3556 exprobrantium
1091 3473 1126 3534 et
1140 3461 1382 3557 usurpantium
1394 3462 1475 3553 J'ura
1491 3462 1566 3551 ejus
1588 3460 1818 3555 equanimiter
1832 3459 1934 3532 susti·

526 3599 627 3670 nere,
643 3580 767 3672 iidem,
782 3585 878 3675 quod
891 3607 961 3657 non
979 3586 1112 3680 absque
1126 3585 1357 3658 amaritudine
1376 3583 1491 3656 cordis
1503 3583 1718 3679 accepimus,
1736 3605 1806 3656 non
1823 3585 1934 3656 solum

525 3719 596 3774 non
610 3703 774 3776 assistunt
791 3705 855 3801 ipsi
869 3707 1020 3781 Ecclesie
1038 3731 1158 3782 eorum
1177 3710 1278 3782 matri
1296 3716 1416 3781 contra
1434 3707 1604 3779 maliciam
1626 3729 1704 3779 eam
1723 3729 1934 3805 persequen-

525 3824 611 3896 tium
624 3835 664 3898 ut
677 3827 859 3921 deberent,
867 3833 1076 3927 opponendo
1088 3855 1126 3904 se
1138 3854 1275 3904 murum
1289 3855 1353 3928 pro
1370 3853 1410 3904 ea
1427 3831 1693 3904 ascendentibus
1709 3853 1756 3904 ex
1769 3831 1932 3924 adverse,

524 3948 706 4022 sedetiam
721 3951 840 4025 divino
855 3954 976 4028 timore
990 3979 1031 4028 ac
1042 3956 1193 4029 humano
1209 3957 1343 4052 pudore
1357 3955 1555 4051 postpositis
1572 3965 1607 4026 et
1620 3955 1808 4050 pontificali
1822 3956 1935 4048 gravi·

524 4081 594 4144 tate
611 4074 769 4166 neglecta
785 4097 920 4149 necnon
940 4089 974 4150 et
997 4080 1152 4152 clavibus
1167 4080 1320 4152 Ecclesia
1335 4077 1581 4152 damnabiliter
1596 4077 1792 4172 vilipensis,
1807 4077 1934 4150 Frede-

523 4197 596 4270 rico
608 4199 785 4291 quondam
799 4200 999 4296 imperatori
1013 4205 1313 4276 excommunicato
1332 4213 1367 4275 et
1381 4203 1444 4274 Dei
1459 4213 1496 4274 et
1509 4203 1662 4274 Ecclesie
1680 4203 1820 4276 inimico
1835 4223 1932 4298 pres·

524 4329 598 4392 tant
611 4323 791 4394 manifeste
805 4324 989 4416 auxilium,
1001 4327 1181 4399 consilium
1195 4336 1230 4398 et
1242 4328 1410 4417 favorem,
1421 4347 1485 4422 per
1497 4325 1592 4418 quod
1606 4325 1734 4399 dictam
1745 4325 1933 4400 Ecclesiam

522 4451 563 4514 ut
576 4441 694 4516 hostes
708 4446 838 4541 publici
854 4461 1121 4543 persequuntur,
1136 4449 1258 4522 eodem
1271 4449 1559 4544 lllagdeburgensi
1571 4449 1828 4524 matrimonium
1843 4425 1934 4524 inter

523 4566 636 4662 ipsum
655 4568 865 4643 Fridericum
889 4583 925 4644 et
946 4572 1051 4644 filiam
1072 4574 1170 4646 ducis
1192 4575 1342 4646 Saxonis
1363 4583 1583 4668 procurante.
1602 4574 1810 4668 Accepimus
1826 4573 1933 4666 siqui·

522 4691 603 4763 dem
626 4693 722 4786 quod
744 4695 899 4768 marchio
922 4696 1119 4790 MisnensiS,
1144 4697 1288 4770 Bavarie
1310 4719 1351 4770 ac
1372 4697 1521 4770 Saxonis
1542 4697 1649 4769 duces
1673 4709 1708 4770 et
1730 4695 1800 4770 filia
1823 4697 1931 4794 ipsios
