4352 5940
199 764 299 824 vesta.
315 761 363 840 a]
650 755 847 818 nvsronrn
871 753 1166 818 nrrcounrroa.

256 1319 298 1400 ln
317 1320 502 1428 proximis
526 1319 700 1403 kalendis
722 1320 849 1403 martii
872 1321 1078 1430 imperator
1099 1322 1338 1432 congregatis
1366 1319 1445 1404 suis
1470 1320 1611 1402 militi-

202 1451 276 1533 bus
299 1514 308 1533 .
327 1514 336 1534 .
356 1515 367 1534 .
387 1452 542 1535 intravit
560 1453 731 1564 Burgum
745 1453 873 1536 Sancti
891 1453 1073 1537 Domnini
1090 1465 1127 1536 et
1144 1454 1206 1536 die
1220 1453 1270 1536 tv
1283 1453 1425 1536 mensis
1443 1451 1612 1564 ejusdem

201 1594 372 1666 castrum
389 1585 596 1669 Medasane
618 1587 717 1696 cepit
742 1597 780 1670 et
804 1585 1013 1694 combuxit,
1033 1586 1217 1670 stlocum
1240 1587 1287 1669 de
1312 1586 1476 1669 Berccdo
1495 1612 1616 1695 guar-

202 1715 300 1798 nivit
321 1777 331 1796 .
350 1703 361 1798 ζ
380 1717 471 1799 .Die
489 1719 636 1800 veneris
654 1719 721 1802 XII
739 1729 898 1802 exeunte
915 1719 1054 1802 martio
1076 1718 1280 1828 imperator
1300 1717 1457 1801 collecta
1481 1716 1617 1800 militie

204 1873 278 1930 sua
305 1847 345 1928 in
376 1847 504 1932 locum
529 1849 594 1932 ubi
622 1827 747 1932 fuerat
780 1849 945 1934 Victoria
974 1850 1169 1960 equitavit.
1195 1850 1338 1932 Deinde
1364 1875 1496 1934 versus
1520 1848 1619 1931 Ber-

203 1981 344 2064 oedum
360 1982 559 2092 equitavit,
577 1983 811 2066 devastando
828 1982 998 2091 perillus
1021 1993 1147 2091 partes
1176 2043 1186 2060 .
1207 2044 1216 2063 .
1238 2043 1247 2063 .
1275 1991 1313 2064 et
1334 1981 1424 2063 dato
1446 1990 1617 2063 comeatu

203 2114 455 2222 Papiensibus
490 2127 527 2198 et
548 2115 866 2226 Pergamensibus
894 2115 1076 2226 equitavit
1109 2115 1349 2198 Cremonam.
1376 2113 1547 2197 chronic.
1569 2117 1616 2194 dc

206 2248 287 2328 reb.
310 2247 454 2330 intrat.
473 2261 585 2358 qest,
604 2275 644 2358 p.
666 2252 760 2332 217.

264 2849 506 2932 Innocentius
527 2875 627 2958 papa
648 2848 861 2932 brixienses
888 2849 1061 2932 hortatur
1088 2859 1132 2932 ut
1155 2849 1301 2933 devicto
1329 2857 1416 2931 ante
1441 2849 1620 2931 Parmam

210 2982 240 3064 F
241 2981 402 3064 riderico
420 3007 497 3064 non
519 2982 775 3086 obdormiant,
798 2983 865 3066 sed
891 2982 1047 3065 viriliter
1068 2993 1274 3092 assurgant
1299 2982 1338 3063 in
1362 2981 1621 3066 defensionem

210 3327 271 3385 aliis
286 3326 456 3401 imperatoris
469 3327 564 3384 litteris
579 3342 647 3400 quas
661 3326 731 3384 inter
749 3327 823 3383 Petri
842 3325 874 3384 de
895 3327 955 3382 Vin.
973 3325 1114 3400 epistolas,
1134 3325 1181 3383 lib.
1200 3327 1233 3398 V,
1253 3341 1314 3400 cap.
1334 3325 1462 3395 CXXXI,
1477 3327 1623 3402 impressas

212 3441 320 3498 quoque
333 3425 498 3499 reperimus,
516 3431 543 3481 et
559 3431 708 3498 sequuntur
723 3442 729 3482 :
747 3425 938 3495 «Fridericus,
951 3430 1016 3495 eto,
1030 3431 1135 3482 secreto
1149 3425 1246 3492 Sicilie,
1261 3430 1314 3481 etc.
1327 3425 1456 3482 Fidelium
1469 3432 1623 3485 noshorum

212 3528 306 3580 mres
315 3522 453 3594 memoris,
460 3527 553 3580 nostro
562 3523 699 3580 recondita
707 3529 827 3596 pectore,
837 3539 991 3596 quanquam
1000 3530 1097 3580 natura
1107 3539 1187 3578 suum
1196 3523 1313 3579 officium
1321 3531 1479 3596 exequente,
1490 3541 1539 3599 per
1551 3525 1623 3582 solu·

213 3620 315 3678 tionem
326 3619 409 3678 debiti
421 3620 510 3676 carnis
521 3619 556 3676 ab
569 3619 705 3692 obsequiis
721 3619 871 3678 devotionis
882 3627 974 3678 nostre
987 3621 1121 3694 quiesoat;
1137 3637 1171 3677 ex
1185 3619 1259 3678 tonte
1269 3626 1362 3676 umen
1379 3627 1471 3677 nostre
1481 3636 1514 3678 so
1530 3622 1623 3680 innata
1702 3631 1706 3642 ·

213 3717 355 3775 clementie
370 3717 500 3790 liquidum
516 3717 615 3774 favoris
632 3717 762 3788 rivulum,
777 3732 858 3790 quem
870 3723 948 3790 pater
960 3717 1080 3774 omnium
1089 3731 1122 3773 ex
1130 3717 1214 3788 gratia
1222 3716 1329 3787 meruit,
1341 3716 1459 3774 humana
1470 3723 1498 3774 et
1509 3717 1624 3792 mulges

214 3814 401 3888 compassione
423 3814 586 3888 percipimus
602 3813 719 3871 derivari
739 3813 947 3871 misericorditer
964 3813 998 3870 ad
1015 3813 1138 3870 heredes.
1159 3813 1257 3886 Sieque
1273 3813 1301 3868 in
1320 3815 1479 3886 perpetuum
1493 3821 1624 3889 apparent

214 3913 318 3981 vivere,
327 3911 393 3968 dum
400 3909 430 3966 in
440 3911 553 3967 Domino
562 3927 634 3968 mors
642 3927 737 3968 eorum
749 3920 776 3969 et
787 3910 883 3968 merita
893 3910 921 3967 in
929 3910 1083 3968 hominibus
1094 3917 1267 3984 reponantur.
1280 3909 1316 3966 m
1324 3916 1416 3966 sutem
1425 3911 1532 3968 nov'eris
1543 3911 1624 3968 tidem

216 4010 345 4068 lobannis
356 4009 438 4066 Turdi
452 4009 487 4066 de
501 4012 636 4082 Messana,
651 4009 737 4068 tidelis
753 4010 853 4080 nostri,
866 4009 895 4066 in
912 4009 1087 4083 beneplacitis
1106 4007 1205 4066 nostris
1224 4025 1258 4064 ex
1280 4023 1362 4080 opere
1383 4008 1528 4079 claruisse,
1548 4011 1626 4082 cujus

216 4107 320 4166 obitum
339 4107 418 4166 nobis
436 4107 603 4181 displicuisse
617 4123 737 4164 reserare
754 4107 896 4180 <lignamen
913 4123 947 4164 ex
961 4107 1064 4164 meritis
1081 4106 1175 4180 quein
1190 4122 1223 4164 eo
1241 4105 1349 4163 vivente
1363 4107 1624 4180 comprehendimus,

216 4206 281 4263 dum
301 4223 336 4263 ex
355 4205 408 4263 fide
428 4205 616 4262 memorialiter
637 4206 704 4262 vivit
724 4206 752 4262 in
772 4205 868 4276 nobis;
895 4205 1018 4262 volumus
1039 4212 1067 4262 et
1088 4205 1255 4280 presentium
1276 4205 1324 4261 tibi
1349 4211 1441 4262 tenore
1470 4204 1627 4264 mandamus

218 4308 350 4375 quatenus
365 4303 400 4360 de
419 4302 491 4360 balio
507 4302 559 4359 filie
578 4308 607 4360 et
622 4303 745 4360 haeredis
760 4303 888 4360 lobannis
906 4302 1034 4376 praedicti
1054 4309 1081 4359 te
1094 4303 1246 4359 nullatenus
1258 4302 1454 4374 intromittere,
1471 4303 1559 4376 ipsum
1578 4319 1628 4376 per
1744 4291 1747 4298 ⁴

218 4398 275 4454 ltaii
288 4398 347 4470 (sic)
358 4397 469 4455 tratrem
482 4399 554 4472 ejus,
571 4398 675 4456 fidelem
689 4405 827 4470 nostrum,
841 4399 1030 4456 mustitutione
1046 4405 1138 4456 nostra
1160 4415 1241 4472 super
1260 4399 1313 4456 hoc
1330 4398 1401 4455 edita
1420 4414 1474 4456 non
1490 4399 1627 4474 obstante,

219 4493 255 4551 de
270 4495 379 4568 speciali
397 4495 486 4567 gracia
507 4501 597 4553 nostra
618 4496 675 4568 geri
699 4502 728 4552 et
744 4497 884 4570 procurari
910 4497 1064 4569 permittam
1086 4496 1213 4569 predictis
1238 4495 1312 4552 tratri
1332 4499 1360 4551 et
1378 4495 1538 4552 haeredibus
1558 4497 1629 4570 suis,

221 4589 345 4649 fidelibus
360 4591 474 4661 nocuis,
488 4592 517 4648 in
532 4607 625 4650 eorum
638 4592 760 4666 juribus,
774 4593 898 4666 personis
911 4599 939 4650 et
951 4593 1048 4665 rebus,
1068 4593 1104 4651 ob
1121 4593 1254 4650 detectum
1269 4592 1390 4665 ejusdem
1404 4592 1548 4666 lobannis,
1561 4594 1631 4667 inju-

221 4687 288 4744 riam
301 4688 344 4745 vel
356 4704 502 4760 gravamen
517 4689 608 4746 inferri
621 4690 788 4763 aliquatenus
799 4705 853 4746 non
865 4705 1008 4764 passurus;
1025 4691 1108 4747 immo
1121 4691 1149 4746 in
1164 4690 1302 4762 omnibus,
1315 4689 1414 4763 quibus
1426 4691 1535 4748 bonone
1547 4694 1632 4750 nostri

220 4785 295 4842 aelus
313 4791 341 4842 st
357 4785 426 4842 tides
439 4786 556 4859 prelatos
573 4787 679 4845 delendi
696 4793 724 4845 et
742 4788 908 4846 manuteneri
931 4787 1059 4859 voluerit,
1084 4788 1123 4846 eis
1146 4787 1257 4845 studeas
1276 4787 1311 4845 ob
1337 4795 1429 4846 nostre
1454 4789 1632 4848 reverentiam

224 4884 373 4955 majestatie
386 4884 490 4942 adame.
502 4903 516 4938 a
