4306 5914
209 597 311 656 1111101.
326 594 373 673 6.]
655 595 853 658 alsloltla
876 596 1174 660 ntpuouaatcn.
1560 601 1621 666 ott

208 729 416 802 sententiam
428 730 522 822 juste
536 729 794 826 dampnationis
810 731 961 827 excepit,
980 753 1043 826 per
1056 753 1162 826 quam
1176 731 1269 805 idem
1285 735 1323 806 F.
1340 734 1496 826 abjectus
1512 756 1533 808 0
1548 738 1623 810 Deo

207 875 252 926 ne
265 854 414 926 ulterius
431 863 554 946 regnet
568 855 626 926 vel
641 854 788 950 imperet
801 853 1015 946 declaratur,
1030 856 1076 929 ad
1089 856 1306 929 liberandum
1325 857 1369 930 de
1386 858 1493 953 ipsius
1514 860 1623 932 lauci-

209 977 653 1072 busregnumSiciliequod
670 988 724 1051 est
737 979 891 1051 Romane
907 979 1059 1051 Ecclesie
1074 980 1238 1074 speciale,
1255 981 1355 1072 cuius
1370 981 1444 1076 ipse
1459 979 1623 1055 dilatatus

207 1101 421 1195 pinguedine
431 1102 611 1174 acviribus
623 1103 805 1174 roboratus
815 1104 1017 1176 calcaneum
1026 1104 1182 1176 erexitin
1193 1105 1393 1195 Dominum,
1404 1114 1500 1178 tanto
1508 1116 1623 1178 atten-

209 1226 277 1298 tius
293 1226 462 1322 propositi
479 1227 588 1298 nostri
608 1227 739 1323 aspirat
754 1227 901 1314 intentio
916 1237 1048 1323 quanto
1062 1229 1172 1321 magis
1184 1230 1341 1320 ejusdem
1355 1230 1455 1322 regni
1468 1230 1623 1304 conditio

206 1349 406 1422 miseranda
422 1351 459 1421 in
472 1371 577 1444 quam
592 1351 675 1422 illud
694 1351 830 1444 redegit
842 1353 1020 1444 regnantis
1028 1351 1202 1446 iniquitas,
1217 1355 1465 1448 compassionis
1474 1355 1509 1427 in
1522 1355 1623 1426 nobis

207 1484 378 1567 provocat
390 1474 653 1570 pietatemNon
661 1475 753 1547 euim
763 1475 1110 1570 potestapiisauimis
1119 1477 1251 1571 absque
1259 1479 1390 1570 gemitu
1397 1479 1540 1572 cogitari
1548 1501 1625 1572 reg·

206 1597 396 1692 uumquod
413 1599 479 1670 sub
498 1599 619 1695 priscis
636 1599 776 1691 regibus
791 1600 960 1672 libertatis
975 1600 1103 1692 gloria,
1121 1601 1307 1674 nobilitatis
1321 1602 1461 1692 decore,
1479 1603 1623 1677 sinceri·

208 1722 289 1794 tatis
304 1720 389 1810 fide,
409 1722 588 1817 opulentia
610 1745 727 1795 rerum
750 1732 786 1794 et
800 1724 954 1815 jocunda
974 1724 1093 1819 populi
1117 1725 1310 1817 frequentia
1333 1728 1563 1822 prepollebat,
1588 1728 1625 1800 iu

206 1856 343 1918 tantam
356 1846 532 1920 servitutis
549 1847 736 1938 miseriam,
749 1847 1155 1940 ignobilitatisinjuriam,
1167 1848 1406 1944 lapsumfidei,
1420 1851 1626 1924 exinanitio

204 1969 259 2041 010
284 1969 483 2061 angustiam
504 1981 540 2042 01
562 1980 632 2043 1001
654 1992 762 2063 gave
783 1971 992 2067 populorum
1014 1972 1190 2044 excidium
1214 1974 1395 2046 corruisse.
1416 1973 1484 2048 Sed
1502 1984 1538 2046 et
1555 1977 1624 2048 llo-

204 2115 312 2166 mana
325 2094 480 2166 Ecclesia
494 2094 678 2190 superbiis
693 2116 755 2191 pre
771 2095 895 2166 ceteris
911 2096 1117 2191 profundius
1132 2097 1328 2188 ingemiscit
1343 2121 1413 2191 que
1434 2099 1625 2193 peculiares

204 2215 298 2290 lilios
315 2218 473 2310 ejusdem
486 2219 598 2312 regni,
614 2219 778 2293 videlicet
794 2219 1625 2314 1000100110οο011030000103000010111110110·

205 2351 292 2432 tem,
309 2340 408 2413 videt
421 2361 443 2414 a
456 2342 589 2434 gremio
598 2351 754 2414 materne
771 2343 1024 2416 communionis
1037 2344 1230 2416 abstractos
1244 2344 1333 2417 duro
1346 2345 1485 2418 vinculo
1497 2345 1627 2418 manci·

203 2465 297 2558 pari,
317 2477 357 2536 ut
383 2485 454 2538 uon
479 2467 596 2538 miuus
619 2466 708 2538 illos
725 2476 881 2540 conterat
906 2467 1086 2561 impressio
1113 2468 1251 2563 tyranni
1272 2469 1428 2560 urgentis
1448 2467 1498 2542 'ad
1518 2489 1626 2541 onera

202 2589 345 2662 insueta
366 2611 472 2682 quam
495 2590 578 2662 olim
599 2588 690 2662 filios
710 2592 815 2664 lsrael
836 2591 1000 2686 presserit
1020 2592 1240 2665 inclementia
1261 2591 1461 2664 Pharaonis.
1481 2593 1627 2689 Propter

202 2713 303 2806 quod
320 2724 535 2786 0001100001
555 2735 660 2808 quem
677 2715 860 2787 innumera
874 2725 992 2812 preter
1004 2715 1069 2788 hec
1085 2717 1175 2788 mala
1189 2717 1234 2788 ab
1248 2715 1390 2788 honoris
1404 2717 1457 2788 sui
1473 2717 1624 2790 eulmine

202 2837 426 2930 dejecerunt,
441 2839 523 2930 quia
536 2838 572 2909 iu
589 2861 660 2932 quo
673 2839 806 2934 positus
820 2849 911 2913 esset
922 2840 1035 2933 gradu
1049 2840 1235 2912 eminentie
1248 2840 1360 2912 100100
1374 2840 1539 2936 insipieus
1553 2861 1625 2914 nou

201 2963 367 3054 agnovit,
385 2984 427 3035 ac
444 2962 596 3036 lautores
608 2964 715 3059 ipsius
729 2964 947 3037 induendum
962 2974 1015 3036 est
1023 2965 1086 3036 zeli
1103 2965 1246 3060 pallium
1262 2965 1308 3037 ad
1322 2965 1525 3057 vindictam,
1538 2975 1573 3037 et
1588 2966 1625 3038 in

201 3107 455 3182 oppressorum
472 3086 662 3182 presidium
677 3109 828 3182 quorum
841 3111 906 3162 uos
920 3089 1144 3184 interpellant
1153 3090 1439 3184 amarasuspiria,
1449 3091 1626 3186 potentius

201 3209 468 3300 adsurgendum
483 3221 523 3281 ut
536 3220 703 3283 excutere
716 3233 823 3304 grave
833 3213 958 3304 jugum
975 3211 1120 3285 dominii
1137 3224 1172 3285 et
1184 3213 1220 3283 in
1235 3213 1429 3286 libertatem
1443 3235 1625 3306 resurgere

200 3335 350 3406 ualeant
363 3332 514 3406 filiorum
536 3355 578 3406 ac
598 3335 743 3427 singulis
763 3335 894 3432 proprii
918 3345 1028 3408 status
1050 3337 1144 3432 prior
1165 3338 1317 3411 conditio
1333 3339 1552 3410 reformetur.
1569 3337 1626 3411 Ad

202 3457 270 3531 boc
294 3466 415 3530 autem
437 3457 618 3531 invitanda
640 3469 721 3532 sunt
743 3459 897 3533 subsidia
917 3473 1088 3555 oportuna
1110 3459 1266 3533 fidelium
1290 3462 1372 3534 tuba
1392 3463 1491 3534 verbi
1514 3464 1625 3536 crucis

201 3581 346 3654 11111100
362 3582 466 3654 altius
480 3584 581 3656 001110
598 3583 791 3675 intonante,
808 3594 977 3657 01000110
996 3586 1209 3681 tyrannicam
1221 3587 1392 3658 1011101001
1401 3590 1526 3659 summi
1534 3589 1625 3682 regis

201 3705 307 3798 signa
325 3705 482 3780 victricia
507 3707 715 3801 explicanda
738 3708 773 3779 in
794 3708 921 3800 quibus
939 3710 1071 3782 conteri
1096 3712 1210 3783 solent
1231 3711 1373 3804 maligni
1396 3714 1625 3807 superbarum

201 3829 385 3902 exercitus
411 3839 635 3926 potestatum.
669 3832 838 3917 Quocirca
860 3854 1042 3905 monemus
1070 3835 1166 3926 quod
1189 3843 1310 3907 000110
1328 3849 1560 3910 memoratum
1583 3840 1622 3912 F.

201 3953 237 4024 iu
255 3953 373 4043 Urbe,
391 3954 578 4051 Campania
594 3965 699 4048 atque
716 3955 887 4029 Maritima
904 3958 1044 4052 publice
1063 3957 1223 4052 predices
1239 3967 1274 4029 et
1290 3959 1491 4052 frequenter
1504 3984 1546 4036 ac
1563 3984 1627 4058 per

199 4078 299 4152 viros
325 4077 472 4152 idoneos
497 4078 669 4175 predicari
696 4080 801 4152 100100
826 4082 1051 4176 solempniter
1072 4083 1217 4155 verbum
1232 4084 1365 4175 crucis,
1388 4086 1483 4158 illam
1501 4087 1626 4181 eisqui

200 4211 328 4274 000110
344 4201 508 4274 eumdem
522 4203 560 4274 F.
572 4203 608 4272 iu
622 4202 815 4276 subsidium
831 4203 983 4275 Ecclesia
997 4204 1043 4276 ad
1055 4205 1302 4280 eliminandam
1316 4208 1361 4280 de
1376 4229 1485 4302 regno
1499 4231 1627 4282 meme·

201 4337 280 4400 rato
299 4325 484 4423 perfidiam
499 4328 545 4399 ab
564 4327 692 4400 inlecto
711 4328 823 4425 capite
838 4328 874 4399 10
890 4331 1045 4402 membra
1059 4332 1274 4423 subjacentia
1288 4333 1499 4405 defluentem
1513 4345 1548 4407 et
1563 4336 1627 4408 ibi·

201 4450 286 4524 dem
314 4452 499 4546 pristinum
521 4455 654 4526 cultum
677 4452 759 4526 fidei
782 4453 1015 4550 reparandum
1036 4458 1112 4528 zelo
1134 4457 1269 4530 fervido
1295 4460 1493 4532 curaverint
1514 4461 1627 4536 crucis

201 4575 363 4668 insigniri
381 4585 577 4667 caractere,
595 4578 801 4650 auctoritate
816 4589 935 4650 nostra
951 4578 1145 4651 concedens
1161 4580 1299 4651 veniam
1318 4592 1539 4676 peccatorum
1556 4607 1626 4680 que

203 4698 660 4794 proficiscentibusinTerre
671 4703 796 4775 Sancte
803 4702 997 4776 subsidium
1012 4706 1047 4775 iu
1061 4705 1623 4800 300010110000111000100000οε0,
