4310 5908
496 583 560 646 'tot
993 591 1209 656 lilllllElllCl
1234 593 1408 656 saccum
1709 597 1791 680 [bn.
1809 599 1896 663 125⁰.

495 721 541 794 ad
562 722 671 816 pedes
686 733 822 796 nostros
839 725 1080 820 advenerunt,
1101 731 1373 806 misericordiam
1389 743 1426 805 et
1443 733 1591 826 gratiam
1607 743 1762 808 nostram
1778 737 1901 832 implo-

496 855 624 918 rantes.
647 846 870 920 t'ircaautem
884 851 1032 946 primam
1049 855 1242 949 praesentis
1259 857 1463 952 septembris
1474 857 1567 930 diem
1581 859 1766 932 duodecim
1779 862 1899 954 galeae

496 979 634 1042 nostrae
650 993 737 1064 quas
750 972 796 1045 ad
811 975 960 1046 Sacnam
976 989 1120 1074 propter
1132 979 1235 1072 hujus
1250 982 1316 1054 loci
1330 982 1521 1054 custodiam
1534 983 1754 1076 miseramus,
1772 985 1808 1056 in
1822 986 1899 1079 qui·

496 1091 563 1164 bus
577 1104 652 1165 crat
665 1096 786 1169 Petrus
806 1101 1025 1172 exslallerius
1040 1103 1180 1176 Gaietae
1202 1101 1276 1201 (a),
1296 1103 1410 1178 fidelis
1429 1116 1561 1198 noster,
1581 1108 1734 1181 sedecim
1753 1109 1901 1182 lanucn·

497 1217 585 1288 sium
602 1217 794 1292 infidelium
809 1235 1008 1298 nostrorum
1022 1227 1159 1320 navigia
1175 1239 1363 1324 ceperunt,
1382 1240 1419 1303 et
1431 1251 1554 1303 omnes
1565 1232 1626 1324 qui
1642 1233 1678 1303 iu
1692 1234 1743 1304 eis
1755 1233 1902 1306 aderant

496 1362 615 1414 carcer
640 1354 758 1417 noster
779 1346 938 1420 includit.
963 1349 1060 1436 Quae
1085 1352 1201 1424 omnia
1229 1353 1364 1426 sincero
1383 1354 1522 1426 allectui
1543 1356 1732 1448 majestatis
1754 1368 1834 1430 tuae
1853 1358 1901 1431 ad

483 1469 642 1558 'gratiam
662 1469 878 1544 deducimus.
889 1519 892 1524 -
905 1473 1056 1547 Favente
1076 1486 1192 1548 autem
1210 1477 1343 1550 auxilio
1360 1479 1518 1570 Domini,
1537 1480 1647 1574 magis
1666 1481 1770 1552 etiam
1790 1483 1899 1554 laeta·

496 1591 614 1666 hunda
631 1594 694 1667 tibi
712 1618 795 1669 mcx
811 1598 1019 1691 scribemus,
1037 1600 1082 1673 de
1100 1601 1226 1674 nostris
1247 1602 1404 1675 felicibus
1423 1603 1640 1676 successibus
1652 1583 1897 1698 congaudenti.

296 2080 463 2190 „ww
550 2085 789 2191 Fridericus,
834 2085 1093 2168 Romanorum
1135 2086 1360 2195 imperator,
1402 2086 1616 2196 congaudet
1654 2087 1704 2168 de
1745 2086 1901 2170 victoria

496 2243 614 2327 quam
638 2219 853 2328 ConraduS‚
883 2217 1144 2302 Romanorum
1175 2245 1261 2324 rex,
1284 2218 1387 2301 filius
1416 2243 1532 2326 suus,
1558 2219 1607 2301 de
1633 2218 1770 2302 comite
1798 2219 1899 2302 Hol-

496 2350 647 2436 landiae
664 2363 701 2436 et
718 2352 801 2462 ejus
821 2352 1047 2462 wuacibus
1065 2352 1287 2462 reportavit,
1307 2378 1406 2462 quos
1422 2361 1510 2436 ante
1523 2351 1659 2436 faciem
1677 2377 1788 2436 suam
1805 2379 1903 2461 pro-

494 2483 654 2594 fugavit.

508 2705 513 2714 '
576 2700 700 2778 (laedit.
715 2717 753 2762 ex
766 2699 833 2762 cod.
849 2699 925 2762 Bibl.
940 2699 1215 2764 Cenanvlndcbcn.
1231 2695 1398 2782 Plilclcpur
1412 2700 1547 2780 dicto,n⁰
1563 2708 1632 2772 888,
1647 2700 1700 2762 lol.
1720 2709 1775 2762 188
1790 2701 1900 2780 ruso)

543 2888 763 2978 Fredericus,
781 2897 849 2960 etc.
868 2887 973 2959 Grata
987 2887 1180 2959 litterarum
1203 2896 1340 2959 tuarum
1358 2888 1465 2960 series
1482 2909 1587 2982 mam
1604 2889 1707 2962 valde
1722 2897 1901 2980 gratanter

495 3013 702 3108 recepimus,
719 3023 816 3084 tanto
822 3012 975 3085 uberiori
984 3013 1138 3085 animum
1147 3023 1305 3084 nostrum
1314 3012 1443 3105 gaudio
1455 3013 1670 3105 fecundavit,
1680 3021 1776 3086 tanto
1784 3013 1900 3110 copio-

495 3138 621 3210 siorem
632 3137 729 3209 cordi
743 3147 863 3209 nostro
880 3136 1030 3210 leticiam
1042 3137 1263 3228 ministravit,
1278 3147 1410 3232 quanto
1423 3137 1574 3230 gratiora
1587 3137 1690 3210 nobis
1706 3138 1902 3231 nostrisque

393 3303 397 3316 ·
495 3262 604 3354 magis
628 3261 790 3334 affectata
810 3261 989 3334 desideriis
1014 3261 1059 3334 de
1080 3261 1346 3358 triumphalibus
1369 3262 1585 3334 successibus
1606 3263 1673 3333 tuis
1690 3271 1903 3334 nostrornm·

494 3408 564 3479 que
593 3386 854 3458 conculcatione
881 3384 1054 3477 hostium,
1079 3385 1242 3458 videlicet
1264 3385 1400 3459 comitis
1422 3385 1605 3458 Hollandie
1635 3396 1671 3457 et
1700 3385 1902 3478 sequacium

495 3531 637 3582 sucrum
659 3533 746 3605 quos
767 3520 848 3582 ante
869 3510 992 3582 faciem
1015 3520 1110 3581 tuam
1131 3510 1304 3606 dispersos
1328 3520 1364 3581 et
1390 3509 1557 3582 contritos
1581 3509 1793 3582 dedecorose
1820 3511 1902 3602 iuge

495 3634 642 3706 salvavit
657 3633 846 3729 presidium
865 3632 932 3732 (l),
950 3633 1163 3706 continebat.
1180 3633 1250 3706 Nec
1266 3643 1384 3730 posset
1399 3644 1567 3727 augustus
1581 3644 1680 3730 pater
1696 3642 1902 3729 conceptam

535 3810 579 3892 (a)
601 3812 637 3874 ln
655 3813 755 3874 ccdlcc
773 3810 874 3896 Πέτρος
891 3814 939 3884 τῆς
956 3813 1040 3894 λιριος
1056 3814 1104 3883 τῆς
1119 3811 1233 3882 labne.
1254 3813 1331 3874 Cum
1347 3813 1426 3874 adult
1449 3813 1480 3872 ln
1498 3827 1675 3890 pergamena
1690 3815 1778 3890 Juxta
1798 3825 1902 3871 vocem

494 3919 578 4002 λιριος
595 3919 741 3996 quaedam
758 3920 884 3996 plicula,
907 3918 1047 3981 Wcilllus
1067 3936 1184 3980 comma
1207 3921 1321 3980 latitare
1342 3920 1507 3998 suspicatus
1524 3917 1596 3996 legit
1616 3915 1719 3998 Διίριος
1739 3933 1746 3980 :
1767 3917 1847 3994 quod
1864 3915 1902 3978 dc

494 4025 665 4104 Garlgllanc
678 4025 812 4104 domine,
821 4025 973 4104 quondam
988 4025 1060 4104 Ltrl,
1069 4026 1278 4102 interpretatus
1291 4031 1347 4087 est.
1362 4024 1477 4085 Nomen
1491 4041 1562 4084 rerc
1580 4026 1733 4101 proprium
1751 4023 1901 4102 quoddam

496 4147 573 4203 esse,
594 4127 759 4200 Tucleritc,
775 4131 819 4189 vel
833 4133 931 4206 potius
944 4128 1034 4189 olficll
1048 4131 1167 4189 titulum
1186 4125 1383 4202 mulieries,
1396 4129 1534 4189 libentius
1546 4128 1730 4189 crediderim.

531 4421 566 4494 (t)
585 4421 680 4494 Agitur
694 4421 727 4479 de
740 4420 906 4495 expeditione
922 4436 1003 4494 quam
1016 4427 1107 4478 contra
1122 4419 1288 4478 willelmum
1300 4421 1334 4478 de
1348 4419 1488 4478 llcllaudia
1500 4419 1546 4494 qui
1565 4425 1629 4478 tunc
1646 4419 1719 4494 apud
1738 4418 1901 4492 lingumtism

494 4535 524 4575 se
536 4519 669 4576 inclusum
684 4519 801 4590 tenebat,
816 4524 844 4574 et
855 4524 948 4574 contra
964 4518 1084 4574 lautores
1095 4520 1155 4590 ejtrs
1168 4519 1203 4576 ad
1218 4519 1298 4576 llalen
1313 4525 1341 4575 et
1355 4517 1506 4582 Flcubeim,
1522 4533 1585 4574 cum
1598 4517 1698 4574 auxilio
1711 4517 1899 4575 wormacien·

493 4615 564 4674 sium
582 4633 630 4673 rex
649 4615 786 4673 Corradus
804 4621 921 4672 exeunte
939 4613 1007 4688 julio
1028 4621 1056 4671 et
1074 4615 1183 4672 ineunte
1204 4623 1316 4689 augusto
1339 4614 1483 4673 direxerat.
1504 4613 1545 4673 cl.
1565 4611 1665 4672 Aoocl.
1691 4615 1831 4684 Womnt,
1852 4627 1899 4687 ap.

493 4713 639 4784 borma,
655 4713 760 4782 Fontei,
775 4719 795 4769 t.
809 4713 842 4782 ll,
857 4729 883 4785 p.
899 4713 1022 4769 487488.
