4306 5914
42 4684 44 4705 ι

42 4724 45 4765 l

44 4784 45 4813 l

216 685 312 743 buret.
330 680 375 764 'l.]
654 679 851 743 HISTORIA
876 671 1170 745 btrnonattcu.
1557 683 1615 747 6'll

200 883 203 890 .
260 820 299 891 ln
320 817 462 890 nomine
484 827 603 890 sancte
620 826 656 890 et
670 817 849 890 individue
865 818 1051 891 Trinitatis.
1061 815 1244 890 Federicus
1257 815 1375 889 divina
1393 817 1531 888 lavante
1546 819 1618 890 cle·

214 941 342 1014 mentia
354 943 587 1015 Romanorum
601 942 788 1037 imperator
800 964 937 1039 semper
947 941 1348 1036 angustus‚llierusalem
1363 949 1398 1013 et
1411 939 1525 1012 Sicilie
1539 963 1615 1013 rex.

213 1065 267 1137 Ad
284 1066 529 1161 prosequenda
550 1065 713 1139 munifice
733 1076 815 1140 vota
835 1067 990 1141 fidelium
1009 1066 1072 1139 etsi
1091 1075 1164 1137 tum
1177 1064 1529 1160 plenitudinegratie,
1544 1075 1618 1137 tum

212 1213 373 1285 supreme
386 1192 566 1287 potestatis
579 1192 740 1287 auspiciis
755 1193 969 1266 liberalitatis
982 1195 1124 1266 Cesaree
1138 1193 1283 1266 dextera
1298 1191 1452 1285 generali
1467 1192 1618 1283 quadam

212 1314 433 1406 regularitate
447 1316 492 1388 sit
506 1316 652 1408 stabilis,
668 1317 736 1390 illis
754 1327 993 1390 verumtamen
1007 1317 1158 1410 gratiosa
1176 1316 1362 1412 porrigitur
1376 1314 1527 1409 quadam
1543 1337 1619 1409 spe·

211 1437 592 1538 cialitatelibentior(o)
606 1441 783 1535 inquibus
799 1443 895 1514 velut
911 1441 981 1515 fide
994 1442 1158 1537 preclaris
1172 1450 1208 1514 et
1222 1463 1367 1537 opernm
1383 1440 1519 1512 actione
1535 1459 1617 1534 pro·

211 1563 344 1636 meritis
358 1565 496 1637 servitia
512 1574 651 1662 recepta
666 1577 865 1639 remunerat
878 1577 913 1640 ct
925 1567 1111 1662 prestanda
1123 1566 1158 1637 in
1173 1576 1348 1662 posterum
1362 1564 1466 1636 efficit
1481 1585 1620 1660 promp-

211 1685 313 1759 tiora.
324 1689 517 1784 Eupropter
527 1711 591 1785 per
604 1711 746 1787 presens
762 1690 981 1787 privilegium
993 1700 1115 1763 notum
1130 1690 1276 1762 iacimus
1293 1688 1465 1762 universis
1482 1688 1619 1802 imperii

209 1809 375 1884 fidelibus
400 1823 472 1886 tam
494 1816 711 1909 presentibus
734 1837 840 1910 qnam
861 1816 985 1888 tuturis
1006 1816 1118 1910 quod,
1137 1816 1217 1888 licet
1235 1837 1299 1888 uos
1308 1815 1390 1887 olim
1402 1817 1617 1912 provinciam

208 1937 466 2029 Garfaguanam
485 1959 565 2010 cum
578 1939 717 2031 juribus
732 1947 768 2010 et
782 1939 997 2034 pertiuentiis
1012 1940 1087 2031 ejus
1102 1939 1251 2011 ilenrico
1266 1938 1389 2010 illustri
1407 1941 1480 2033 regi
1500 1942 1616 2015 Sardi·

207 2063 280 2151 uie,
291 2063 380 2134 sacri
388 2062 520 2158 imperii
531 2063 668 2135 inltalia
675 2063 830 2156 generali
844 2063 972 2156 legato,
988 2063 1116 2136 dilecto
1128 2062 1199 2136 filio
1212 2064 1618 2154 uostr0,demcradona·

207 2189 305 2262 lione
321 2200 440 2262 nostra
454 2188 621 2263 duximus
640 2189 907 2278 conterendam,
924 2189 1144 2262 attendentes
1160 2197 1276 2260 amen
1297 2187 1378 2261 fidei
1398 2211 1485 2285 pure
1504 2192 1617 2265 zelum

205 2335 315 2406 quem
329 2336 476 2386 comune
491 2317 582 2387 Luce
596 2313 717 2387 fideles
730 2313 838 2386 nostri
855 2335 936 2406 erga
954 2313 1141 2406 majestatis
1157 2323 1274 2386 nostre
1291 2335 1473 2409 personam
1489 2314 1617 2390 habere

205 2449 414 2528 noscuntur,
430 2439 690 2512 considerantes
707 2438 810 2511 etiam
827 2449 925 2532 grata
942 2439 1081 2512 servitia
1095 2461 1164 2533 qne
1180 2439 1324 2510 culmini
1339 2449 1459 2512 nostro
1473 2441 1618 2514 exibue-

204 2573 291 2634 mut
309 2563 491 2655 hactenus,
501 2563 671 2660 presentis
688 2564 893 2637 turbationis
908 2572 1062 2659 ternpore
1076 2562 1225 2636 fideliter
1237 2563 1381 2636 exibere
1395 2586 1465 2636 uon
1482 2576 1619 2641 cessant

205 2697 240 2760 et
256 2709 331 2782 que
349 2689 491 2761 exibere
504 2698 668 2785 poterunt
682 2689 717 2759 in
734 2698 836 2760 antea
850 2689 1013 2781 gratiora,
1031 2688 1075 2761 do
1092 2690 1271 2760 voluntate
1285 2689 1375 2782 regis
1389 2690 1547 2782 ejusdem
1562 2692 1619 2763 cui

204 2813 240 2884 iu
259 2812 342 2885 aliis
359 2823 396 2885 et
411 2814 600 2907 majoribus
619 2813 837 2909 providentie
857 2822 1001 2908 patemo
1018 2813 1179 2885 volumus
1196 2812 1399 2909 providere,
1417 2813 1462 2886 de
1478 2815 1619 2910 speciali

203 2938 335 3031 gratia,
352 2959 399 3010 ex
410 2949 506 3011 certa
519 2937 729 3012 conscientia
745 2948 878 3028 nostra,
896 2937 1110 3033 provinciam
1127 2937 1237 3032 ipsam
1254 2959 1334 3010 oum
1350 2938 1490 3029 castris,
1508 2940 1616 3032 villis,

204 3061 423 3154 bominibus,
437 3063 753 3156 jurisdictionibus,
776 3061 873 3134 terris
895 3061 997 3134 cultis
1022 3072 1058 3134 et
1079 3061 1235 3153 incultis,
1258 3061 1357 3155 aquis
1381 3085 1619 3160 aquarumque

202 3187 427 3277 decursibus,
444 3187 599 3280 justitiis,
617 3187 808 3259 rationibus
821 3186 982 3260 omnibus
995 3195 1031 3259 et
1044 3186 1260 3280 pertiuentiis
1273 3186 1357 3277 suis,
1372 3187 1535 3260 videlicet
1549 3210 1618 3281 que

202 3313 248 3385 de
265 3313 434 3385 demanio
452 3312 488 3383 in
506 3312 705 3383 demanium
728 3323 763 3383 et
783 3333 851 3404 que
871 3313 917 3383 de
937 3311 1078 3383 servitio
1094 3311 1129 3382 in
1145 3311 1337 3402 servitium,
1349 3311 1464 3384 eidem
1478 3315 1617 3386 comuni

204 3437 371 3510 fidelibus
387 3435 512 3508 nostris
528 3437 563 3507 in
582 3435 650 3507 fide
667 3445 703 3507 et
717 3436 901 3508 devotione
923 3443 1041 3507 nostra
1064 3435 1325 3530 persistentibus
1340 3435 1375 3506 iu
1393 3434 1530 3508 rectum*
1541 3439 1617 3510 fou·

203 3567 290 3638 dum
303 3563 469 3636 duximus
476 3555 756 3653 concedendam3
772 3563 818 3634 ita
831 3572 945 3634 tamen
959 3562 1054 3655 quod
1074 3561 1287 3657 provinciam
1304 3562 1414 3658 ipsam
1431 3587 1451 3636 a
1465 3565 1566 3638 nobis
1582 3576 1618 3638 et

203 3687 465 3760 successoribus
481 3687 608 3760 nostris
623 3686 657 3774 in
675 3697 880 3782 perpetuum
894 3687 1034 3760 nomine
1052 3686 1136 3758 recti
1150 3686 1243 3758 leudi
1265 3685 1310 3759 de
1323 3696 1439 3759 cetero
1457 3698 1613 3782 teneant,

203 3813 297 3885 sicut
318 3821 438 3884 tenent
450 3812 536 3883 alias
553 3820 660 3882 terras
675 3832 794 3883 eorum
811 3811 986 3883 districtus
1004 3821 1041 3883 et
1057 3832 1077 3882 a
1095 3809 1196 3883 uobis
1211 3831 1252 3882 ac
1268 3810 1414 3905 imperio
1429 3823 1548 3886 nostro
1564 3836 1618 3885 re·

203 3948 425 4031 cognoscunt
437 3937 488 4008 eis
502 3936 584 4008 olim
599 3957 620 4008 a
634 3936 724 4008 divis
739 3936 894 4029 augustis
912 3936 1190 4031 progenitoribus
1203 3936 1329 4007 nostris
1342 3957 1523 4008 concessas
1542 3947 1578 4008 et
1594 3959 1616 4009 a

201 4061 308 4134 uobis
321 4060 544 4156 postmodnm
557 4058 793 4151 confirmatas3
806 4060 924 4132 debita
938 4082 1077 4154 quoque
1093 4070 1129 4132 et
1141 4068 1307 4132 consueta
1320 4059 1458 4132 servitia
1469 4061 1616 4156 proinde

202 4186 311 4257 nobis
326 4194 362 4256 et
378 4184 524 4280 imperio
541 4186 652 4256 lacere
667 4193 863 4256 teneantur.
884 4185 1073 4255 Statuimus
1090 4183 1194 4275 igitur
1209 4192 1244 4253 et
1259 4182 1427 4278 imperiali
1443 4184 1616 4256 sancimus

202 4311 324 4384 edicto
346 4309 441 4402 quod
460 4310 577 4382 nullus
598 4309 690 4399 dur,
708 4309 825 4380 nullus
843 4306 1012 4399 marchio,
1028 4308 1144 4378 nullus
1160 4328 1294 4396 comes,
1313 4307 1429 4378 nullus
1445 4307 1612 4399 vicarius,

202 4436 304 4505 nulla
319 4442 472 4528 potestas
489 4454 549 4503 seu
565 4453 727 4520 comune,
742 4432 838 4503 nulla
851 4431 1002 4525 denique
1019 4450 1165 4526 persona
1178 4431 1248 4501 alta
1260 4431 1318 4501 vel
1335 4428 1488 4522 humilis,
1504 4433 1615 4504 eccle-

202 4559 345 4631 siastica
366 4557 422 4630 vel
442 4557 623 4648 secularis,
644 4557 775 4630 dictum
796 4576 942 4628 comune
965 4554 1085 4627 fideles
1109 4563 1244 4628 nostros
1266 4555 1303 4627 in
1327 4553 1408 4628 fidei
1430 4555 1615 4630 devotione

244 4805 292 4886 (a)
315 4805 475 4866 Exordium
490 4803 552 4866 lem
567 4805 662 4866 slmlle
674 4804 796 4865 exordio
809 4804 890 4881 quod
902 4810 947 4866 est
960 4805 992 4864 ln
1005 4803 1090 4866 Petri
1101 4801 1136 4866 de
1151 4803 1217 4867 llio.
1229 4805 1327 4886 epist,
1338 4804 1390 4868 llb.
1401 4807 1457 4882 vl,
1466 4823 1533 4886 cap.
1545 4809 1613 4874 xv.
1701 4891 1708 4900 ι
