4352 5940
487 507 549 570 5¹16
986 523 1203 586 rulusslttcl
1226 523 1401 586 suctum
1706 523 1788 608 [dn.
1804 526 1894 593 lter.

489 643 708 742 imponentes
721 662 893 746 quatenus
913 659 1132 734 consideratu
1151 659 1342 754 prudenter
1362 658 1459 752 qnod
1478 679 1549 732 non
1572 669 1626 732 est
1647 659 1685 732 in
1702 669 1774 732 um
1788 659 1898 740 arduo

490 771 630 862 negotio
654 771 914 872 dormiendum,
939 782 986 854 ad
1006 804 1050 854 ea
1072 805 1143 877 quc
1162 784 1228 878 ipsi
1250 783 1391 876 negotio
1411 783 1578 877 expedire
1601 783 1756 856 sideritis
1774 784 1899 860 domu

491 913 594 988 opem
607 904 795 994 etoperam
809 904 1000 976 secundum
1012 907 1233 1001 prudentiam
1244 928 1266 978 a
1278 906 1427 980 Domino
1442 905 1543 980 vobis
1558 907 1810 1000 datam,eidem
1825 909 1899 1000 regi

492 1018 637 1090 viriliter
653 1032 689 1094 et
706 1033 867 1117 potenter
878 1028 1046 1102 assistatis
1061 1031 1256 1104 comtantia
1270 1039 1451 1104 consueta.

542 1141 667 1215 Datum
681 1145 853 1240 Lugduni,
871 1152 948 1224 Xlll
965 1153 1132 1227 kalendas
1140 1151 1193 1250 (u)
1206 1153 1415 1241 decembris,
1431 1173 1525 1224 anno
1539 1154 1581 1224 V.

543 1268 715 1364 Scriptum
733 1281 786 1342 cst
799 1271 835 1343 in
849 1275 1012 1348 eumdem
1024 1295 1168 1350 sensum
1180 1277 1227 1350 ad
1241 1276 1754 1368 Colonienscm,Trsvorenssm
1768 1287 1804 1350 et
1816 1277 1899 1355 Bm,-

495 1411 651 1462 mensem
666 1391 944 1492 archiepiscopos
967 1421 1157 1493 eurumque
1178 1401 1432 1492 suffraganeos,
1451 1411 1523 1472 tum
1536 1402 1586 1474 ad
1599 1401 1900 1496 Heruipotsuseu,

495 1515 1304 1620 Augentinensem,Monasteriensemcpiscopos
1319 1534 1356 1596 et
1367 1525 1565 1622 spirensem
1575 1526 1725 1600 electum
1737 1535 1844 1620 utque
1855 1525 1901 1604 ud

496 1639 621 1712 ducem
641 1641 861 1736 Brabantiue,
878 1643 1037 1719 Geldriae
1054 1648 1149 1720 etde
1165 1649 1231 1720 Lus
1243 1649 1400 1722 comites.

544 1763 616 1836 Neo
638 1786 710 1838 non
734 1766 778 1838 de
801 1789 839 1840 re
863 1768 987 1841 eudem
1008 1772 1074 1844 sub
1091 1770 1134 1844 n*
1149 1769 1195 1844 Π
1214 1781 1250 1846 et
1267 1775 1312 1846 ld
1332 1773 1380 1847 ad
1395 1773 1615 1846 Colonienses
1632 1781 1669 1846 et
1684 1773 1902 1866 nagunuuos

497 1909 603 1960 cives.

301 2373 461 2481 mm,
551 2375 787 2485 Friderious,
817 2374 1077 2459 Romanorum
1113 2378 1339 2485 imperator,
1370 2376 1547 2460 fidelibus
1579 2378 1659 2460 suis
1697 2379 1737 2460 in
1769 2377 1904 2460 Tuscia

499 2509 566 2618 qui
589 2510 639 2592 ad
661 2512 886 2592 mandatum
908 2508 1086 2591 Friderici
1108 2509 1177 2590 filii
1200 2510 1260 2614 sui
1286 2511 1425 2594 milites
1443 2511 1645 2619 miserant,
1662 2509 1902 2620 regradetur,

500 2643 733 2751 mandatque
750 2651 794 2723 ut
819 2667 922 2722 nuno
940 2641 1083 2724 eisdem
1106 2642 1258 2726 mittant
1276 2643 1463 2752 stipendia
1477 2669 1548 2752 pro
1565 2643 1689 2726 tribus
1709 2640 1905 2726 mensibus

499 2784 538 2858 et
554 2775 659 2883 qnod
677 2775 833 2855 credant
849 2772 1034 2856 latoribus
1051 2775 1308 2882 praesentium
1330 2775 1557 2858 litterarum.

584 3000 704 3079 (incdit
720 3018 759 3062 ex
770 3001 836 3062 cod.
848 3001 923 3063 bibl.
938 3004 1068 3064 univers.
1083 3003 1224 3081 laipno,
1239 3015 1272 3064 n⁰
1285 3012 1372 3076 ¹2⁶8,
1386 3002 1440 3066 iol.
1454 3011 1473 3064 t
1488 3001 1553 3082 (ts)
1568 3009 1647 3064 recto
1658 3002 1768 3081 versu)

549 3203 734 3289 Quondam
748 3203 795 3274 ad
811 3202 1070 3296 requisitionem
1087 3204 1260 3276 Fredsrici
1278 3203 1325 3278 de
1343 3204 1526 3276 Antiochia
1547 3205 1682 3277 comitis
1696 3203 1798 3294 Albe,
1819 3205 1907 3276 sacri

502 3326 637 3422 imperii
649 3328 685 3398 in
696 3326 818 3398 Tuscia
831 3325 950 3398 vicarii
966 3327 1150 3419 generalis,
1162 3327 1279 3399 dilecti
1294 3325 1354 3398 filii
1371 3329 1494 3418 nostri,
1504 3329 1549 3401 ad
1567 3327 1701 3399 felicem
1716 3327 1907 3400 exercitum

502 3460 658 3523 nostrum
672 3449 819 3521 militum
832 3450 1013 3522 decentem
1027 3451 1171 3523 curastis
1187 3451 1323 3523 mittere
1337 3451 1553 3544 comitivam,
1580 3449 1689 3551 quod]
1699 3461 1836 3543 gratum
1851 3450 1908 3522 ad·

502 3574 646 3648 modum
665 3573 870 3645 excellentia
893 3584 1011 3644 nostra
1031 3572 1144 3645 duxit.
1165 3573 1320 3667 Cumque
1339 3575 1386 3646 ad
1405 3575 1652 3648 conterendum
1672 3573 1907 3647 Parmensium

503 3698 718 3796 proditorum
731 3705 927 3768 nostrorum
937 3695 1228 3769 abhominandam
1240 3698 1449 3792 proterviam
1462 3699 1511 3770 sio
1523 3696 1777 3792 magnificentia
1791 3705 1909 3767 nostra

505 3821 719 3919 propositum
734 3829 891 3891 nostrum
904 3816 1055 3891 firmavit
1068 3830 1110 3892 ut
1124 3841 1187 3916 per
1202 3820 1401 3892 continuam
1417 3817 1694 3918 obsidionem(l)
1709 3829 1744 3892 et
1757 3820 1909 3915 dampna

506 3947 670 4020 continua
680 3945 837 4016 Parmam
850 3943 895 4016 ad
912 3954 1069 4015 nostrum
1079 3965 1282 4017 revocemus
1299 3944 1506 4034 dominium,
1524 3942 1559 4016 in
1578 3966 1651 4040 quo
1665 3965 1729 4016 vos
1744 3944 1804 4042 qui
1819 3939 1910 4014 votis

505 4071 632 4143 uostris
646 4065 849 4138 concurritis
863 4063 974 4161 hylari
989 4065 1192 4158 devotione,
1208 4087 1346 4163 semper
1360 4069 1522 4141 volumus
1538 4089 1613 4140 esse
1627 4065 1811 4162 participes
1829 4085 1910 4137 one·

548 4244 590 4325 (a)
612 4243 669 4321 Ap.
683 4240 842 4320 Raynaldt
857 4239 904 4299 111
914 4235 1062 4314 kalendar,
1080 4245 1189 4302 omisso
1200 4259 1323 4303 nomem
1335 4243 1379 4322 X;
1394 4244 1481 4305 male.

507 4421 625 4434 m

543 4534 580 4610 lt)
599 4529 732 4592 alluditur
743 4529 778 4586 sd
790 4527 971 4586 fundationem
984 4527 1119 4591 Victorias
1134 4545 1214 4604 quom
1227 4545 1320 4590 mense
1332 4531 1435 4590 octobri
1447 4531 1592 4606 imperator
1607 4529 1740 4590 aedificari
1752 4528 1843 4602 iussit,
1856 4525 1908 4584 ibi·

505 4634 568 4693 dsm
581 4631 694 4689 durante
705 4625 826 4702 hyberno
840 4631 958 4702 temporo
972 4632 1134 4686 moraturus.
