4352 5940
521 608 582 669 612
1018 617 1230 680 Fllllllllllcl
1254 617 1429 679 saeuum
1736 619 1817 702 [Asu.
1837 620 1923 682 1248.

526 756 578 818 ter
597 748 836 843 supplicarunt
854 760 894 823 nt
913 773 993 824 cum
1015 752 1080 847 ipsi
1097 750 1210 850 [dnm]
1232 775 1296 849 pro
1315 754 1416 828 nobis
1440 761 1477 826 et
1497 755 1672 827 communi
1689 765 1807 828 vestro
1819 755 1873 854 (l)
1889 758 1924 828 in

519 870 650 944 eisdem
674 874 821 948 servitiis
837 875 872 947 in
888 877 1045 971 partibus
1058 878 1341 951 Cremonensium
1354 889 1475 951 contra
1487 879 1688 951 Parmenses
1701 889 1737 952 et
1747 881 1833 952 alios
1847 903 1921 976 pro·

519 997 649 1070 ditores
674 1009 810 1072 nostros
830 997 979 1072 fideliter
998 1023 1131 1074 moram
1149 1003 1327 1074 traherent
1346 1001 1544 1094 nobiscum,
1563 1001 1607 1074 de
1631 1001 1796 1075 mandato
1815 1003 1922 1076 nostri

517 1123 676 1194 culminis
692 1124 850 1218 speciali,
868 1127 1017 1220 plurima
1035 1127 1121 1218 sint,
1136 1136 1177 1199 ut
1194 1135 1369 1216 asserunt,
1384 1126 1504 1220 gravia
1518 1126 1645 1199 damna
1658 1126 1769 1221 passi,
1788 1135 1859 1198 tam
1878 1127 1921 1198 de

516 1248 614 1343 equis
628 1271 748 1322 eorum
762 1261 798 1322 et
812 1250 915 1322 rebus
929 1250 1005 1322 aliis
1018 1251 1164 1342 amissis,
1181 1250 1342 1345 quamde
1357 1251 1591 1324 destructione
1608 1251 1791 1323 domorum
1804 1272 1921 1345 sump-

515 1372 608 1444 tibus
629 1374 777 1469 propriis
797 1374 832 1444 in
853 1374 1001 1447 Victoria
1022 1375 1208 1464 laetarum,
1231 1374 1315 1469 ipsis
1338 1373 1499 1446 fidelibus
1517 1375 1644 1447 nostris
1666 1375 1794 1447 damna
1814 1375 1920 1470 passis

515 1499 649 1592 prelata
672 1498 873 1590 dignaretur
892 1510 1011 1572 nostra
1032 1499 1202 1572 serenitas
1218 1497 1413 1595 providere.
1435 1500 1590 1593 Cumque
1611 1497 1743 1570 eisdem
1760 1497 1919 1570 fidelibus

513 1622 653 1712 nostris,
676 1623 736 1716 qui
758 1621 850 1694 circa
869 1623 1008 1696 servitia
1027 1632 1143 1696 nostra
1164 1623 1398 1718 multipliciter
1416 1623 1636 1714 laborarunt,
1657 1622 1824 1714 obsequia
1845 1623 1917 1718 ipsa

513 1746 681 1818 damnosa
697 1769 858 1820 essenon
874 1749 1039 1839 debeant,
1058 1749 1119 1820 sed
1133 1748 1247 1843 potius
1263 1749 1456 1838 fructuosa,
1476 1748 1630 1843 ipsomm
1652 1747 1918 1842 supplicationi-

513 1871 578 1942 bus
592 1872 775 1964 benignius
790 1871 958 1961 inclinati,
975 1871 1132 1945 fidelitati
1148 1881 1262 1944 vestre
1276 1855 1499 1967 precipiendo
1512 1871 1718 1944 mandamus
1731 1881 1914 1964 quatenus,

511 1994 541 2066 si
557 1997 655 2068 vobis
670 1997 862 2069 constiterit
877 1996 922 2069 de
938 1997 1128 2091 premissis,
1140 1993 1238 2092 (dum
1252 1995 1357 2069 modo
1370 2017 1440 2068 non
1457 2005 1628 2090 repugnet
1642 1994 1790 2067 civitatis
1803 2004 1915 2067 vestre

509 2119 705 2218 statutum),
723 2121 863 2213 injusta
877 2133 912 2193 et
924 2122 1144 2194 convenienti
1158 2121 1306 2194 emenda
1317 2141 1486 2214 equorum
1501 2119 1706 2192 amissorum
1722 2128 1757 2190 et
1770 2119 1914 2193 damno·

509 2268 587 2317 rum
602 2247 764 2340 ipsorum
789 2247 976 2318 relectione
997 2239 1152 2318 debeatis
1173 2246 1305 2319 eisdem
1321 2243 1480 2316 fidelibus
1496 2244 1622 2316 nostris
1641 2243 1806 2316 resarcire
1822 2243 1913 2338 ipso·

509 2393 586 2441 rum
602 2372 738 2442 labores
758 2381 794 2442 et
813 2391 933 2462 onera,
951 2393 996 2441 ne
1012 2371 1058 2443 ob
1074 2371 1141 2443 hoc
1152 2371 1246 2461 juste
1264 2378 1433 2462 cogantur
1447 2368 1589 2441 culmini
1604 2373 1723 2440 nostro
1737 2368 1911 2461 querimo-

508 2495 603 2565 niam
628 2495 774 2586 iterare‚
810 2505 845 2566 et
867 2495 913 2566 ad
940 2495 1057 2566 lutura
1085 2494 1252 2586 obsequia
1281 2503 1399 2566 nostra
1421 2502 1456 2565 et
1477 2493 1670 2566 communis
1695 2491 1851 2586 ejusdem
1875 2493 1911 2563 in

509 2629 686 2713 posterum
699 2617 858 2690 iacienda
874 2627 1034 2713 torpeant
1047 2618 1083 2689 in
1101 2617 1217 2710 aliquo
1232 2619 1290 2690 vel
1308 2627 1497 2713 tepescant.

363 3239 377 3272 a
418 3206 425 3228 '
556 3187 734 3273 ailbertus
759 3189 908 3273 Ranerii
934 3189 982 3272 dc
1009 3189 1263 3298 Monteaperto
1287 3199 1325 3271 et
1350 3189 1511 3272 lacobus
1535 3189 1657 3300 Ugerii
1681 3190 1907 3274 confitentur

503 3349 545 3406 se
562 3322 782 3432 recepisses
799 3322 979 3406 Rieorcro
1002 3321 1209 3405 camerario
1227 3322 1400 3405 comunis
1412 3323 1588 3406 Senensis
1608 3323 1767 3406 CLXllll
1788 3323 1904 3406 libras

501 3457 743 3540 denariorum
778 3455 1001 3540 Senensium
1033 3481 1102 3565 pro
1132 3454 1298 3538 chaldo
1329 3457 1377 3538 dc
1403 3455 1683 3540 Monteccreone
1706 3469 1743 3540 et
1773 3459 1901 3542 Gotti-

502 3589 609 3673 lredo
627 3588 777 3672 Rancrii
796 3590 844 3672 de
861 3589 1131 3698 Montcaperto‚
1146 3614 1216 3698 pro
1237 3589 1387 3673 servitio
1405 3589 1509 3700 quod
1526 3590 1696 3674 lecerunt
1709 3593 1844 3676 stando
1862 3593 1901 3674 in

381 3726 383 3732 ’
501 3723 665 3806 exercitu
679 3722 916 3831 imperatoris
928 3722 968 3803 in
987 3720 1184 3806 obsidione
1196 3722 1369 3806 Parmae.

580 3936 703 4017 (lnedlt.
719 3953 768 4012 up.
780 3935 870 3998 Arch.
881 3952 991 3996 comm.
1002 3937 1151 4010 Sananda,
1164 3934 1271 4018 Coleffo
1285 3935 1408 4010 Vecedu'o,
1420 3937 1473 3997 iol.
1488 3945 1648 4014 asareem,
1663 3955 1700 4000 ex
1715 3945 1899 4018 transumpto

617 4043 788 4103 authentico
802 4050 820 4102 ²
834 4059 928 4103 nonas
941 4042 1068 4102 octobris
1082 4043 1210 4119 eiusdem
1225 4047 1296 4104 annl
1307 4041 1452 4122 mulceto.)

543 4231 646 4304 Anno
658 4232 794 4304 Domini
808 4232 988 4304 millesimo
1001 4233 1063 4306 CC.
1079 4233 1150 4304 XL.
1164 4233 1251 4324 Vlll,
1268 4234 1456 4307 indictione
1469 4237 1527 4328 Vl,
1542 4236 1598 4309 dio
1614 4238 1658 4310 lll
1671 4238 1750 4310 idus
1765 4240 1893 4335 aprilis.

493 4356 566 4449 Ego
581 4356 743 4429 Albertus
757 4356 886 4429 domini
899 4357 1036 4429 Ranerii
1052 4357 1096 4430 do
1109 4359 1346 4452 Monteaperto
1362 4358 1531 4432 confiteor
1543 4361 1579 4432 in
1596 4362 1741 4434 veritate
1758 4364 1819 4435 tibi
1833 4365 1898 4437 do·
1931 4368 1936 4376 '

530 4612 567 4686 (t)
585 4611 706 4668 Forsitan
717 4615 804 4684 agitur
816 4613 850 4669 de
861 4611 942 4686 Papia
954 4612 998 4671 vel
1010 4613 1149 4686 Pergamo,
1164 4613 1198 4670 ad
1209 4628 1278 4686 quas
1288 4614 1409 4673 civitates
1421 4629 1516 4672 aarum
1530 4615 1629 4674 milites
1640 4617 1713 4676 circa
1725 4617 1775 4676 boc
1788 4625 1895 4693 tompus

492 4706 634 4768 nominarat
646 4707 799 4782 imperator.
813 4707 853 4766 el.
866 4723 958 4783 supra,
974 4725 1003 4783 p.
1019 4713 1081 4768 603.
