4352 5940
528 567 589 630 572
1026 571 1243 636 FlelilllCl
1266 571 1441 636 suculam
1749 573 1831 655 [bn.
1850 571 1941 638 lati:

528 703 573 776 tis
590 703 636 774 de
658 704 788 799 Capua,
812 693 1000 800 imperialis
1021 707 1185 800 magister
1205 708 1417 780 camerarius
1433 705 1650 802 Principatus
1667 717 1703 780 et
1721 715 1812 780 terra
1826 707 1942 780 Bene-

528 836 693 917 ventano,
702 829 850 900 salutem
866 837 902 902 et
916 830 1036 903 intime
1052 831 1248 905 dilectionis
1263 831 1438 906 allectum.
1448 831 1514 904 Pro
1528 839 1628 926 parte
1643 830 1776 904 domini
1791 851 1941 905 venera·

528 949 608 1022 bilis
630 951 767 1024 abbatis
791 953 955 1026 &vensis
979 956 1179 1029 monasterii
1207 957 1405 1052 expositum
1431 953 1533 1028 nobis
1559 963 1613 1026 est
1635 953 1824 1050 imperialis
1843 955 1942 1028 curie

528 1085 693 1171 precepta
709 1096 778 1169 que
791 1077 1017 1150 continebant
1032 1079 1128 1171 quod
1142 1100 1222 1151 cum
1243 1079 1317 1175 ipse
1335 1088 1371 1152 et
1393 1077 1657 1174 predecessores
1673 1077 1728 1148 sui
1743 1098 1766 1150 a
1784 1087 1941 1172 tempore

527 1197 644 1272 obitus
666 1200 748 1306 dive
770 1210 917 1293 auguste
941 1202 1081 1276 domine
1105 1202 1334 1298 imperatricis
1354 1200 1557 1276 constancie
1584 1201 1704 1273 mab-is
1730 1200 1943 1273 serenissimi

393 1411 399 1418 Ι
522 1322 661 1396 domini
674 1321 784 1395 nostri
797 1323 928 1396 Cesaris
939 1336 975 1397 et
987 1326 1033 1399 ab
1046 1325 1129 1398 inde
1141 1347 1252 1420 usque
1266 1346 1359 1399 nunc
1370 1325 1500 1396 luerint
1513 1324 1550 1396 in
1563 1322 1708 1421 pacifica
1722 1323 1942 1420 possessione

528 1469 594 1544 pro
611 1457 710 1542 parte
725 1446 808 1519 dicti
826 1448 1025 1526 monasterii
1040 1449 1274 1545 perceptionis
1293 1448 1508 1522 decimarum
1528 1457 1763 1543 proventuum
1784 1447 1942 1519 omniurn

528 1570 703 1667 plateatici
721 1571 914 1665 platearum
927 1572 1079 1665 salomi,
1098 1572 1163 1644 sibi
1182 1573 1374 1644 laceremus
1394 1571 1505 1644 dictas
1518 1569 1671 1644 decimas
1687 1569 1777 1642 sicut
1792 1590 1941 1642 consue·

530 1703 606 1766 tum
619 1702 671 1766 est
683 1715 748 1789 pro
761 1703 859 1790 parte
875 1695 958 1768 dicti
972 1695 1172 1767 monasterii
1187 1695 1241 1766 sui
1254 1694 1426 1768 exhiberi.
1444 1695 1516 1767 Nos
1536 1703 1653 1766 autem
1669 1703 1740 1765 mm
1760 1713 1858 1766 sacre
1874 1693 1942 1764 im·

531 1818 653 1914 periali
674 1818 909 1891 constitutioni
931 1840 1037 1912 super
1054 1817 1263 1892 exhibendis
1285 1818 1429 1891 decimis
1449 1817 1563 1891 edicte
1574 1813 1629 1914 (l)
1653 1837 1760 1910 quam
1780 1815 1942 1913 petitioni

527 1927 614 2014 dicti
628 1941 759 2016 domini
774 1942 910 2014 abbatis
924 1941 1123 2014 satisfacere
1138 1943 1331 2037 cupientes,
1351 1963 1431 2013 cum
1445 1964 1509 2036 per
1521 1939 1779 2036 inquisitionem
1800 1962 1864 2037 per
1875 1961 1942 2014 vos

530 2089 635 2162 super
646 2066 821 2163 premissis
830 2087 910 2138 cum
919 2065 1097 2158 diligentia
1105 2065 1299 2139 faciendam
1311 2065 1459 2137 velimus
1473 2065 1608 2161 plenius
1622 2063 1941 2159 edoceri,pruden·

530 2191 577 2264 tie
588 2203 703 2264 vestre
717 2212 765 2262 ex
777 2189 947 2285 imperiali
959 2199 1140 2285 parteque
1153 2189 1330 2282 fungimur
1341 2189 1547 2261 auctoritate
1561 2189 1767 2262 mandamus
1777 2188 1944 2280 quatinus

530 2314 788 2418 inquisitionem
810 2335 874 2408 per
894 2314 1022 2407 probos
1042 2324 1078 2385 et
1097 2311 1217 2385 fideles
1235 2313 1329 2384 viros
1353 2311 1487 2384 Salerni
1503 2311 1632 2384 exinde
1647 2310 1805 2403 diligenti
1825 2310 1943 2384 studio

531 2438 677 2510 faciatis.
697 2437 772 2522 Qua
787 2437 877 2508 iacta
895 2436 1109 2531 solempnius
1122 2445 1157 2506 et
1170 2433 1320 2508 fideliter
1335 2435 1425 2508 sicut
1441 2437 1556 2526 decet,
1575 2444 1644 2506 tam
1662 2434 1708 2507 ad
1724 2435 1819 2507 curie
1832 2455 1942 2528 quarn

531 2561 731 2636 monasterii
743 2559 1114 2656 supradicticautelam
1128 2559 1198 2630 duo
1212 2558 1351 2655 puplica
1363 2559 1591 2631 instrumenta
1604 2579 1684 2631 cnm
1696 2557 1944 2652 tenoreinqui·

531 2685 665 2758 sitionis
689 2684 844 2780 predicte
864 2681 939 2754 lieri
962 2683 1113 2774 lanatis,
1138 2706 1247 2756 unum
1267 2682 1367 2756 nobis
1389 2704 1454 2778 pro
1474 2691 1572 2778 parto
1593 2683 1689 2754 curie
1711 2681 1938 2772 tradendum,

532 2809 628 2882 aliud
644 2807 800 2903 predicto
816 2807 933 2878 abbati
949 2828 1014 2903 pro
1030 2808 1166 2879 cautela
1185 2807 1337 2894 dictisui
1349 2805 1550 2879 monasterii
1564 2806 1846 2900 relinquendum.
1868 2806 1940 2878 Ila-

535 2943 609 3004 tum
624 2931 771 3021 Salerni,
792 2929 915 3001 ultimo
930 2931 1152 3024 septembris,
1171 2943 1270 3003 sexte
1286 2929 1495 3004 indictionis.
1507 2969 1558 2984 —
1572 2929 1705 3016 Quibus
1720 2929 1844 3002 litteris
1858 2950 1941 3025 pre·

531 3055 674 3130 sentatis
699 3063 734 3128 et
753 3075 776 3126 a
792 3075 848 3125 me
867 3054 1025 3148 predicto
1038 3054 1156 3147 judice
1178 3054 1315 3127 llatbeo
1333 3055 1481 3151 receptis
1497 3063 1533 3126 et
1551 3053 1735 3146 diligenter
1754 3053 1938 3149 inspectis,

531 3203 598 3276 ego
608 3179 784 3278 predictus
790 3179 903 3272 judex
915 3178 1074 3252 Matbeus
1087 3179 1264 3251 associatis
1278 3177 1364 3250 mibi
1375 3179 1494 3272 judice
1506 3177 1663 3252 lobanne
1674 3177 1941 3251 maenomenon

531 3315 568 3378 et
589 3304 746 3400 predicto
771 3301 907 3375 notario
928 3300 1066 3375 Matheo
1088 3323 1194 3397 super
1215 3301 1377 3397 predictis
1396 3303 1500 3394 juxta
1523 3311 1679 3375 tenorem
1704 3300 1939 3396 predictarum

531 3428 724 3501 litterarum
748 3448 811 3521 per
830 3425 1042 3522 subscriptos
1063 3425 1191 3521 probos
1214 3436 1250 3497 et
1270 3424 1391 3498 fideles
1409 3425 1504 3498 viros
1526 3425 1660 3498 Salerni
1681 3425 1938 3518 inquisitionem

532 3550 829 3644 diligentissimam
845 3551 925 3641 ieci,
943 3571 1091 3642 quorum
1110 3549 1202 3622 dicta
1218 3559 1253 3622 et
1267 3549 1505 3622 attestationes
1521 3560 1603 3622 sunt
1619 3548 1685 3629 beo
1702 3571 1711 3613 ι

581 3671 795 3771 (Sequuntur
807 3673 1040 3769 depositiones
1052 3673 1190 3745 testium
1201 3673 1262 3767 qni
1274 3673 1452 3746 declarant
1465 3695 1486 3746 a
1500 3683 1655 3770 tempore
1665 3671 1757 3766 regis
1766 3673 1938 3746 Guilielmi

532 3799 685 3872 decimas
709 3799 903 3893 platearum
929 3797 1063 3869 Salerni
1085 3817 1107 3868 a
1131 3797 1256 3889 bajulis
1280 3797 1413 3870 Salerni
1438 3797 1499 3892 qui
1522 3818 1587 3894 pro
1614 3807 1770 3893 tempore
1797 3798 1939 3870 luerunt

530 3922 675 3996 abbates
690 3922 861 3995 Cavenses
874 3921 1045 4016 recepisse
1055 3917 1123 4018 (2).

535 4317 539 4324 '
569 4233 604 4304 ill
622 4231 663 4290 ct.
676 4245 769 4304 supra,
785 4247 815 4304 p.
828 4232 895 4301 563,
909 4230 1035 4290 alluditur
1044 4229 1225 4288 constitutioni
1237 4227 1270 4286 da
1283 4226 1398 4285 &morit
1411 4227 1517 4288 inlibro
1532 4229 1552 4300 l,
1566 4227 1607 4287 tit.
1623 4228 1670 4288 v11
1682 4227 1808 4286 insertae.

568 4331 606 4398 (Β)
624 4329 663 4385 Cl.
677 4328 883 4387 instrumentum
896 4329 933 4384 tt
944 4327 1058 4400 januarii
1073 4329 1154 4398 tato,
1168 4333 1188 4384 t.
1203 4327 1249 4398 tv,
1262 4342 1290 4400 p.
1301 4327 1364 4384 520.
