4310 5908
508 575 568 636 tia
1005 577 1219 638 Fuluuttlcl
1244 576 1417 639 suctum
1721 575 1805 654 [Ars.
1823 577 1913 640 1250.

627 712 742 771 manico
756 726 891 771 sermone
903 712 1123 789 interpretatus,
1138 711 1327 788 eruditusque
1350 709 1469 770 notulas
1488 707 1614 768 addidit.
1639 708 1812 770 Verslonem
1835 727 1915 772 nune

626 816 748 877 latinam
762 819 825 876 sive
837 819 936 894 potius
949 818 1162 878 restitutionem
1177 817 1307 878 vicissim
1322 812 1526 892 tentavimus.)

555 1001 749 1074 Fridericns
773 1003 835 1074 Dei
859 1003 969 1096 gratia
999 1013 1085 1095 etc,
1111 1001 1259 1075 Iohanni
1284 1001 1512 1073 illustrissimo
1532 1000 1742 1073 Graecorum
1764 1001 1913 1096 impera·

508 1126 592 1214 tori,
609 1137 676 1198 etc.
695 1127 840 1199 Litteras
861 1127 1038 1200 serenitati
1059 1137 1198 1200 nostrae
1214 1127 1432 1199 transmissas
1453 1147 1500 1196 ex
1516 1134 1614 1220 parte
1630 1124 1820 1217 majestatis
1835 1134 1914 1197 tuae

506 1269 569 1345 per
593 1250 800 1346 Paedrytem
828 1251 1033 1322 familiarem
1059 1260 1157 1323 tuum
1180 1272 1316 1323 summa
1340 1249 1555 1342 benignitate
1579 1249 1786 1343 recepimus.
1811 1249 1915 1322 Grata

506 1373 598 1445 enim
616 1373 651 1443 in
671 1373 737 1444 illis
753 1373 1021 1446 continebantur
1032 1385 1074 1468 *et
1089 1373 1277 1470 plurimum
1291 1383 1430 1446 nostrae
1449 1373 1625 1445 serenitati
1639 1371 1849 1444 laetabunda
1868 1372 1914 1444 de

506 1507 566 1567 tua
597 1497 708 1568 saluto
734 1506 769 1569 et
793 1498 1008 1570 successibus
1035 1508 1070 1570 et
1090 1499 1135 1572 de
1160 1498 1335 1594 prosperis
1354 1518 1445 1592 quae
1468 1497 1505 1568 in
1527 1496 1800 1592 praesentiarum
1822 1495 1914 1569 eima

503 1619 664 1718 Rhodum
682 1621 830 1692 insulam
848 1621 994 1693 feliciter
1014 1621 1235 1714 contigerunt
1251 1620 1316 1718 (l).
1335 1621 1405 1693 Nos
1421 1642 1561 1715 quoque
1576 1643 1640 1716 per
1653 1629 1789 1691 nostros
1811 1619 1913 1692 vicis·

504 1744 568 1815 mm
593 1745 859 1817 commentarios
889 1747 1024 1818 sincero
1054 1746 1243 1838 majestatis
1271 1755 1352 1818 tuae
1383 1744 1522 1817 affectui
1553 1742 1787 1836 significamus
1818 1743 1914 1836 quod

503 1868 622 1940 celesti
638 1869 858 1964 providentia
878 1870 1006 1942 suffulti
1020 1880 1055 1942 et
1068 1871 1222 1943 roborati
1238 1871 1395 1942 valemus
1405 1879 1441 1941 et
1451 1868 1596 1942 feliciter
1610 1868 1772 1960 vivimus,
1790 1868 1914 1940 adver·

504 1993 612 2065 sarios
624 2003 761 2066 nostros
775 1995 930 2088 quotidie
941 1993 1170 2087 debellamus,
1184 2004 1251 2066 eta
1263 1995 1364 2066 nobis
1375 1993 1491 2066 omnia
1502 1994 1604 2085 juxta
1615 1991 1779 2062 mandata
1793 2001 1912 2064 nostra

503 2117 701 2210 diriguntur
725 2128 761 2190 et
782 2120 1032 2210 gubernantur.
1060 2121 1110 2192 De
1133 2119 1274 2210 negotio
1297 2129 1414 2190 antem
1435 2117 1472 2188 in
1493 2116 1616 2188 littoris
1632 2115 1700 2188 tuis
1717 2115 1912 2212 specialiter

503 2263 686 2337 expresso,
704 2244 880 2336 quomodo
895 2243 960 2315 iste
976 2265 1066 2339 papa
1082 2245 1205 2316 fratres
1218 2244 1368 2315 Minores
1383 2253 1417 2314 et
1435 2241 1695 2314 Praedicatores
1717 2240 1763 2312 ad
1783 2241 1913 2333 majas·

503 2373 608 2435 tatem
625 2374 720 2437 tuam
734 2367 872 2439 mittere
884 2368 996 2463 potnit
1011 2367 1072 2460 qui
1085 2390 1164 2440 cum
1177 2365 1402 2463 pontificibus
1417 2366 1591 2438 Ecclesiae
1605 2379 1683 2436 tuae
1694 2364 1911 2437 confabulari

501 2486 682 2560 debeant?
705 2490 807 2577 Quod
828 2513 899 2562 non
919 2493 1031 2563 solum
1053 2492 1229 2564 serenitati
1251 2502 1412 2579 nostrae,
1438 2489 1501 2563 sed
1519 2488 1624 2560 etiam
1646 2488 1910 2585 pauperioribus

501 2613 977 2710 spirituqnasiprodigiosum
992 2627 1027 2688 et
1039 2616 1208 2688 insulsum
1222 2617 1373 2689 videtur.
1386 2615 1567 2702 Quomodo
1576 2615 1667 2686 enim
1678 2615 1742 2686 iste
1754 2612 1908 2707 quidici·

501 2748 558 2809 tur
566 2741 786 2812 sacerdotum
796 2741 973 2836 princeps,
984 2751 1066 2813 ente
1080 2743 1202 2813 faciem
1220 2741 1375 2813 omnium
1388 2739 1543 2834 quotidie
1559 2738 1595 2808 in
1612 2749 1645 2811 te
1660 2735 1864 2810 nominatim
1875 2747 1911 2809 et

499 2863 535 2934 in
561 2885 682 2936 omnes
703 2863 852 2936 Graecos
877 2863 939 2935 tibi
964 2864 1140 2956 subjectos
1167 2863 1559 2936 excommunicationem
1583 2861 1766 2953 jactitans,
1792 2858 1911 2933 ortho-

500 2987 778 3079 doxissimosqne
795 2986 937 3059 eosdem
953 3009 975 3060 a
995 2989 1123 3080 quibus
1138 2987 1323 3060 christiana
1345 2985 1434 3060 fides
1451 2986 1497 3060 ad
1519 2996 1695 3058 extremos
1712 2984 1806 3056 orbis
1821 2982 1909 3057 lines

499 3111 673 3204 pervenit,
698 3109 892 3183 haereticos
918 3111 1111 3206 impudenti
1131 3111 1239 3184 verbo
1268 3111 1443 3199 vocitans,
1470 3111 1557 3180 tales
1572 3107 1751 3201 religiosos
1768 3107 1909 3203 proprio

498 3254 562 3307 suo
578 3245 682 3306 ,motu
703 3234 750 3306 ad
772 3236 989 3328 majestatem
1007 3243 1101 3306 tuam
1126 3235 1358 3306 transmittere
1375 3255 1446 3306 non
1464 3233 1630 3330 expavit?
1649 3231 1831 3319 Quomodo
1850 3230 1908 3304 hie

498 3356 692 3430 schismatis
710 3369 831 3431 auctor
848 3358 898 3430 sic
914 3359 1033 3431 dolose
1046 3359 1184 3452 irrepsit
1199 3368 1238 3429 ut
1251 3356 1613 3452 irreprehensibilibus
1627 3353 1909 3449 justificationem

498 3481 641 3555 alferat?
655 3482 837 3567 Quomodo
855 3481 921 3553 iste
936 3482 1002 3553 sub
1018 3482 1209 3553 sanctitatis
1223 3483 1309 3554 falso
1322 3481 1495 3554 velamine
1510 3503 1574 3577 per
1588 3500 1754 3572 sequaces
1770 3501 1851 3551 suos
1872 3489 1907 3550 et

498 3626 582 3677 snae
597 3607 758 3700 propriae
772 3606 960 3678 voluntatis
976 3604 1167 3695 ministros,
1188 3606 1288 3700 quasi
1312 3613 1487 3700 apostatas
1507 3602 1591 3676 fidei
1608 3612 1644 3674 et
1662 3602 1906 3674 scandalorum

497 3739 689 3823 patratores
704 3729 833 3800 latinis
850 3728 916 3800 sibi
932 3729 1097 3821 subjectis
1107 3729 1323 3801 ¹denuntiare
1339 3749 1410 3801 non
1424 3738 1537 3799 cessat
1549 3727 1609 3820 qui
1623 3737 1704 3798 ante
1717 3733 1753 3797 et
1765 3745 1904 3820 supraa

496 3853 669 3947 principio
686 3853 815 3947 pietate
836 3852 1055 3924 abundantes
1076 3874 1196 3948 pacem
1214 3853 1247 3923 in
1264 3874 1402 3924 omnem
1420 3861 1545 3923 terram
1560 3849 1906 3942 evangelisaverunt?

495 3976 679 4063 Quomodo
694 3975 786 4048 hanc
804 3976 958 4049 innatam
970 3977 1162 4070 antiquitus
1185 3976 1357 4048 diabolico
1373 3976 1491 4048 afflatu
1503 3974 1668 4049 Romanis
1683 3972 1905 4069 pontificibus

495 4100 529 4170 in
551 4101 700 4172 Graecos
722 4099 1015 4190 malivolentiam,
1037 4121 1141 4194 quam
1155 4122 1225 4172 non
1240 4099 1341 4194 pauci
1354 4099 1471 4192 magni
1489 4108 1525 4173 et
1539 4097 1689 4191 religiosi
1707 4095 1904 4170 sacerdotes

494 4223 689 4316 Christique
705 4223 892 4295 servitores
908 4224 1000 4297 dicto
1017 4234 1052 4296 et
1066 4225 1156 4296 facto
1175 4233 1211 4295 et
1225 4224 1315 4297 votis
1333 4223 1506 4296 continuis
1524 4245 1587 4318 per
1604 4223 1746 4314 longum
1765 4228 1904 4316 praete-

484 4347 599 4417 ritum
615 4356 752 4441 tempus
766 4347 941 4441 extirpare
952 4349 1231 4437 nonvaluerunt,
1250 4347 1314 4420 iste
1328 4347 1489 4420 omnibus
1503 4345 1615 4420 modis
1628 4344 1787 4418 eamdem
1801 4363 1903 4417 rano-

1739 4557 1898 4570 nu—-oe

530 4681 564 4754 (l)
585 4679 623 4737 Cl.
641 4682 740 4752 Georp.
754 4681 922 4756 Acropolite,
936 4697 995 4756 cap.
1011 4683 1083 4740 liet
1095 4683 1179 4755 l8,p.
1190 4685 1219 4738 ill
1235 4688 1263 4738 et
1274 4695 1350 4756 seqq.
