4300 5916
515 613 578 685 ult
1038 609 1222 680 conssul
1245 609 1397 686 oldut
1730 612 1813 696 [tur.
1831 613 1918 682 ists.

565 749 690 830 Datum
712 751 924 844 ungimus
950 769 1043 830 nuno
1070 747 1208 845 oontnt
1226 747 1349 830 ttm.
1378 745 1644 842 smnus
1664 748 1784 839 tortio,
1803 771 1921 829 uterne

518 874 649 964 uertit.
671 875 780 970 pridie
795 874 876 952 idus
891 871 955 970 (a).

338 1455 471 1566 eadelm,
573 1447 792 1561 couneus,
831 1447 872 1542 iu
900 1446 1162 1544 Romanorum
1194 1443 1517 1558 regemelectus,
1554 1443 1732 1554 hospitali
1761 1443 1920 1538 Sancus

368 1564 440 1618 ‘¹³⁰¹'
517 1581 658 1674 llarire
683 1580 975 1678 turonicorum
999 1582 1038 1660 in
1056 1577 1264 1674 Jerusalem
1279 1578 1343 1698 jus
1360 1588 1585 1688 prtmnuns
1601 1578 1779 1670 costae
1796 1577 1920 1672 Nouos

521 1711 690 1810 uiduus
707 1714 810 1822 opud
827 1712 1052 1806 Mulhruren
1070 1711 1183 1820 pleno
1197 1710 1285 1822 jure
1302 1710 1461 1802 confert.

601 1957 722 2036 (lnedlt.
740 1975 777 2018 ex
791 1959 926 2036 originali
941 1959 971 2018 ln
985 1957 1106 2018 urchlvo
1119 1957 1288 2029 Dnesdensl,
1302 1957 1383 2018 unde
1396 1956 1524 2035 sigtllnm
1538 1972 1652 2026 cereum
1669 1955 1840 2042 appendat)

567 2172 759 2264 Conradus,
777 2173 847 2246 divi
865 2173 1001 2265 augusti
1013 2173 1231 2268 imperatoris
1245 2171 1409 2246 Friderici
1422 2169 1527 2263 filius,
1544 2171 1609 2244 Dei
1623 2173 1733 2266 gratia
1748 2173 1918 2244 linusano·

521 2321 598 2372 rum
615 2299 649 2369 in
667 2319 784 2390 regem
808 2298 958 2387 electus,
978 2319 1116 2392 semper
1137 2307 1306 2389 augustus
1323 2305 1358 2367 et
1372 2295 1474 2368 heres
1490 2297 1589 2388 regni
1605 2297 1809 2369 Jerusalem.
1828 2295 1921 2367 Licet

520 2423 683 2516 majestas
692 2421 786 2514 regia
798 2431 1000 2493 cunctarum
1009 2421 1232 2494 ecclesiarum
1243 2419 1546 2493 commoditatibus
1558 2431 1716 2492 tenentur
1726 2419 1916 2510 intendere,

522 2557 637 2648 buren
654 2545 788 2618 devotis
804 2567 924 2618 eorum
949 2546 1079 2618 meritis
1095 2545 1332 2638 exigentibus,
1351 2545 1388 2616 in
1411 2545 1566 2617 favorem
1583 2545 1726 2616 fratrum
1744 2544 1921 2639 hospitalis

519 2671 645 2752 Sancte
660 2669 766 2750 llario
782 2669 907 2749 dornus
924 2669 1215 2750 Theutouloorurn
1233 2669 1268 2743 in
1284 2669 1473 2750 Jerusnlarn
1491 2679 1648 2746 tenemur
1667 2667 1862 2763 specialiter
1876 2667 1918 2740 ad

518 2793 773 2878 incrementum
790 2815 851 2866 sue
869 2793 1011 2884 domus,
1027 2803 1149 2889 utpote
1164 2815 1233 2889 que
1258 2793 1420 2867 dirorum
1443 2794 1702 2889 progenitorum
1724 2802 1922 2872 rostrorum

520 2917 729 2990 memorialis
745 2925 796 2989 est
815 2917 970 3010 plantula
990 2925 1113 3010 etque
1135 2917 1265 2988 eisdem
1287 2927 1322 2988 et
1342 2916 1444 2996 nobis
1463 2916 1598 2993 adhesit
1620 2937 1757 3012 semper
1774 2913 1923 2996 hostiur

521 3051 557 3113 et
576 3049 785 3112 constanter.
813 3039 885 3110 Hac
904 3037 1074 3131 siquidem
1097 3041 1230 3112 ratione
1253 3061 1316 3135 per
1335 3061 1480 3135 presens
1511 3041 1676 3135 scriptum
1698 3051 1819 3112 notum
1847 3059 1921 3111 esse

520 3165 681 3236 volumus
706 3175 776 3235 tam
799 3162 1017 3258 presentibus
1044 3185 1148 3256 quarn
1171 3165 1295 3236 tuturis
1315 3165 1410 3258 quod
1432 3186 1497 3236 nos
1522 3165 1568 3236 ud
1592 3186 1714 3258 preces
1735 3163 1851 3236 fratris
1877 3161 1917 3234 G.

520 3285 729 3360 venerabilis
746 3286 898 3378 magistri
914 3287 1067 3381 predicte
1089 3287 1229 3383 domus,
1254 3289 1459 3363 anctoritate
1475 3287 1605 3360 domini
1631 3298 1666 3360 et
1685 3287 1793 3384 putris
1814 3287 1921 3366 nostri
1978 3321 1983 3332 ·

522 3419 558 3480 et
572 3421 703 3498 nostra,
713 3411 772 3502 jus
789 3420 990 3505 patronatus
1005 3411 1149 3482 ecclesie
1165 3413 1262 3484 Nove
1276 3412 1430 3486 Civitatis
1444 3413 1538 3506 apud
1554 3411 1735 3487 llulbuseu
1748 3412 1792 3487 ad
1813 3411 1921 3492 hone

521 3553 595 3603 rem
612 3533 674 3604 Dei
694 3543 728 3604 et
746 3555 806 3605 sue
823 3533 940 3605 Matris
956 3535 1104 3626 gloriose
1124 3534 1218 3608 dieto
1234 3535 1397 3632 hospitali
1416 3535 1623 3609 contulimus
1645 3537 1749 3631 pleno
1760 3536 1858 3630 jure,
1874 3533 1922 3613 itu

520 3655 685 3728 videlicet
706 3669 745 3728 ut
769 3678 848 3728 cum
875 3657 987 3764 primo
1010 3659 1205 3749 vacaverit,
1231 3661 1354 3731 tratres
1380 3657 1536 3754 ejusdem
1559 3657 1738 3754 hospitalis
1763 3658 1922 3738 eamdem

522 3780 702 3862 eeclesiam
717 3781 868 3855 olllciare
880 3781 1018 3854 valeant
1032 3781 1068 3851 in
1082 3782 1330 3880 spiritualibus,
1338 3784 1441 3876 juxta
1454 3781 1595 3856 modum
1610 3803 1714 3876 quem
1727 3783 1764 3854 in
1779 3782 1922 3862 ecclesia

520 3903 672 4010 Antique
702 3903 855 3977 Civitatis
881 3904 1048 3977 haetenus
1078 3917 1317 3979 servaverunt.
1346 3907 1503 3979 Decimus
1531 3921 1647 3980 autem
1678 3916 1713 3979 et
1736 3915 1923 4004 proventus

521 4049 601 4100 cum
618 4028 694 4100 aliis
713 4028 980 4102 obventionibus
1002 4030 1159 4122 ejusdem
1180 4030 1325 4102 ecclesie
1344 4032 1389 4103 ad
1402 4054 1487 4104 usus
1503 4053 1584 4104 suos
1599 4031 1768 4136 recipiant
1788 4041 1824 4110 el
1838 4052 1921 4110 cou-

520 4162 671 4234 vertant.
691 4151 735 4223 Ut
748 4151 853 4258 igitur
865 4151 930 4224 bec
948 4163 1065 4226 nostra
1087 4155 1225 4226 collatio
1247 4165 1320 4226 rata
1337 4165 1539 4262 permaneat
1554 4165 1588 4228 et
1606 4155 1823 4246 inconvulsa,
1843 4175 1921 4260 pre·

520 4287 635 4351 sentes
650 4276 781 4348 litteras
795 4274 870 4348 lieri
888 4277 1031 4350 lecimus
1045 4287 1081 4348 et
1096 4278 1207 4370 sigillo
1223 4290 1340 4352 nostre
1354 4279 1568 4352 celsitudinis
1584 4279 1750 4358 roborari.

569 4400 694 4471 Actum
708 4401 803 4493 apud
817 4401 1019 4492 Rotinburc,
1037 4422 1130 4473 anno
1144 4402 1316 4474 dominice
1332 4402 1578 4476 incarnationis
1593 4403 1776 4484 rnillesirnp
1792 4403 1921 4484 duceu-

521 4522 643 4594 tesimo
656 4523 921 4616 quadragesimo
936 4525 1057 4616 tercio,
1073 4547 1192 4597 mense
1209 4526 1339 4620 aprilis,
1357 4527 1469 4622 prime
1481 4527 1692 4599 indictionis.

563 4709 603 4790 (n)
625 4711 695 4773 llice
706 4710 801 4790 pridie
815 4711 890 4787 idus,
907 4713 1063 4793 legendum
1076 4715 1162 4775 rulde
1175 4718 1358 4791 suspicantur
1371 4716 1469 4796 prinu
1483 4715 1658 4786 indictionis.
