4310 5908
225 640 330 700 1111111.
347 639 392 738 1.]
671 635 868 699 HISTORIA
892 635 1185 699 urrtouarlca
1569 635 1629 699 '125

226 774 301 844 rins
316 770 536 869 supradictus
549 770 671 844 volens
682 770 885 843 mandatum
901 770 985 845 dicti
1004 771 1137 844 domini
1148 769 1321 844 Frederici
1338 791 1418 842 cum
1436 771 1630 847 reverentia
1687 832 1692 855 ,

224 892 378 968 fideliter
395 891 598 988 adimplere,
617 891 664 965 ad
680 891 810 965 dictum
828 902 979 966 castrum
992 893 1037 966 de
1055 891 1240 966 Arcidosso
1261 893 1489 988 personaliter
1502 895 1632 968 accessi

225 1026 264 1089 et
282 1015 477 1089 Iohannem
495 1037 590 1088 nunc
608 1016 836 1088 camerarium
856 1016 939 1090 dicti
956 1015 1059 1088 castri
1072 1015 1212 1088 nomine
1238 1014 1322 1088 dicti
1342 1016 1498 1088 comunis
1514 1027 1549 1091 et
1568 1039 1632 1114 pro

225 1140 304 1236 ipso
321 1160 467 1212 comune
486 1161 566 1211 cum
582 1138 656 1234 ipse
671 1139 881 1211 camerarius
902 1161 975 1212 non
989 1138 1111 1212 feccrit
1133 1137 1178 1210 ad
1200 1138 1404 1234 petitionem
1421 1161 1535 1212 meam
1551 1161 1633 1212 con·

225 1262 345 1336 silium
368 1263 452 1336 dicti
472 1261 629 1336 comunis
648 1262 870 1356 congregari,
895 1283 962 1334 nec
985 1261 1071 1335 alies
1084 1271 1322 1357 competentes
1340 1283 1506 1359 personas
1530 1284 1631 1360 repe·

228 1385 362 1475 rierim,
378 1386 482 1459 citavi
492 1396 533 1458 ut
547 1385 629 1458 hinc
641 1384 688 1459 ad
702 1396 782 1460 octo
797 1385 871 1458 dies
884 1386 1091 1481 peremtoria
1104 1406 1221 1458 coram
1239 1385 1381 1459 domino
1393 1386 1574 1460 Frederico
1588 1387 1633 1462 de

228 1506 416 1583 Antiochia
437 1509 474 1581 in
496 1510 617 1582 Tuscia
644 1509 774 1582 vicario
798 1509 952 1603 generali
980 1532 1044 1606 per
1071 1509 1160 1582 duos
1192 1509 1341 1583 sindicos
1369 1511 1425 1582 vel
1448 1532 1558 1582 unum
1575 1511 1634 1583 vel

229 1643 368 1706 actores
395 1633 582 1706 instructos
599 1632 726 1706 debeat
740 1654 964 1728 comparere,
994 1633 1030 1704 in
1057 1653 1161 1704 causa
1188 1632 1346 1728 predicta
1371 1641 1476 1727 prout
1500 1634 1633 1727 justum

230 1755 337 1828 inerit
367 1779 607 1852 processurus3
642 1778 748 1850 quam
778 1757 977 1830 citationem
1004 1756 1142 1852 publice
1172 1756 1238 1829 ieci
1267 1755 1422 1830 indicto
1453 1766 1566 1829 castro
1589 1757 1634 1831 da

230 1879 418 1953 Aroidosso
434 1881 470 1952 in
494 1882 610 1978 platea
628 1883 772 1954 ecclesie
790 1881 900 1954 sancti
922 1880 1113 1972 Leonardi‚
1141 1891 1301 1975 presente
1324 1880 1416 1953 dicto
1444 1881 1633 1954 camerario

232 2013 269 2074 et
292 2005 512 2099 presentibus
528 2004 680 2077 Orlando
703 2005 862 2097 Uliverii,
887 2005 1091 2078 Riccardino
1113 2004 1281 2078 Hericone
1300 2004 1484 2095 Cruccioli,
1510 2005 1633 2081 Pisano

230 2128 366 2221 Pisani,
380 2139 416 2201 et
428 2129 542 2200 Pietro
557 2129 803 2223 Brigentionis,
818 2130 971 2202 Ventura
984 2127 1095 2201 Ruhei
1111 2138 1146 2200 et
1160 2128 1266 2202 Paulo
1281 2128 1524 2222 Bonensegne,
1541 2132 1631 2204 Bon·

230 2251 376 2343 cantio,
407 2252 561 2324 Iohanne
583 2254 741 2349 porcario
761 2253 906 2326 balitcre
928 2263 963 2326 et
982 2248 1186 2324 Renovardo
1209 2260 1244 2324 et
1259 2252 1425 2324 Tattedeo
1441 2249 1512 2323 filio
1532 2253 1630 2344 eius,

231 2375 398 2467 magistro
413 2376 503 2447 Dato
516 2386 552 2448 et
564 2375 805 2448 Bartholomeo
818 2376 932 2448 Vende
944 2385 980 2447 et
993 2377 1096 2448 Jnnta
1110 2375 1216 2447 fratre
1229 2376 1325 2467 ejus,
1342 2374 1539 2448 hominibus
1552 2376 1636 2450 dicti

231 2499 350 2588 castri,
371 2509 406 2572 et
419 2521 535 2572 coram
554 2499 728 2574 Ranuccio
746 2498 936 2572 Arrenduti
957 2509 992 2573 et
1005 2498 1265 2572 Lambertuccio
1280 2498 1438 2571 Donadei
1457 2499 1501 2572 de
1518 2501 1634 2575 Monte

231 2623 395 2713 latrone,
421 2622 467 2694 ad
493 2621 558 2694 hec
581 2624 724 2695 testibus
750 2623 882 2696 vocatis
907 2634 942 2695 et
961 2623 1108 2716 rogatis,
1133 2623 1169 2693 in
1185 2643 1278 2694 anno
1292 2623 1431 2696 Domini
1452 2623 1634 2698 millesimo

232 2743 471 2818 ducentesimo
487 2746 751 2840 quadragesimo
766 2766 881 2837 nono,
900 2746 1088 2818 indictione
1106 2746 1252 2842 septima
1269 2757 1304 2818 et
1319 2745 1375 2818 die
1394 2755 1518 2840 quarta
1528 2747 1631 2841 junii.

281 2869 354 2964 Ego
369 2870 517 2945 Jacobus
529 2871 683 2942 notarius
696 2870 742 2943 de
755 2870 919 2943 mandato
936 2870 1018 2943 dicti
1033 2869 1163 2942 domini
1177 2870 1348 2942 Frederici
1362 2869 1489 2943 dictem
1506 2869 1636 2944 citatio·

233 3014 315 3067 nem
329 2994 468 3089 publice
484 2994 549 3066 ieci
563 3005 598 3066 et
614 3014 690 3066 eam
706 2995 826 3089 scripsi
843 3005 878 3066 ct
893 2993 1079 3089 publicavi.

254 3111 256 3114 ’
283 3109 428 3211 Signum
442 3117 511 3189 mei
524 3118 641 3191 Jacobi
654 3118 780 3191 notarii
793 3118 994 3213 supradicti.

283 3241 444 3314 Preterea
460 3242 525 3313 sub
541 3240 663 3313 eodem
680 3264 772 3314 anno
787 3242 970 3314 millesimo
987 3240 1223 3314 ducentesimo
1236 3238 1500 3333 quadragesimo
1520 3260 1631 3331 nono,

239 3363 425 3437 indictione
441 3366 587 3461 septima
604 3374 639 3438 et
655 3365 711 3438 die
727 3368 847 3459 quinta
866 3366 977 3460 junii,
1003 3385 1068 3457 ego
1084 3363 1231 3435 Iacobus
1248 3362 1403 3436 notarius
1418 3361 1635 3457 supradictus

237 3509 283 3560 ex
304 3496 402 3583 parte
418 3495 454 3560 et
477 3487 641 3561 mandato
667 3489 749 3561 dicti
772 3490 902 3561 domini
925 3487 1116 3580 Frederici,
1142 3486 1280 3579 injunxi
1297 3484 1438 3559 domino
1456 3485 1635 3560 Maniredo

237 3611 353 3684 abbati
382 3612 581 3684 monasterii
602 3613 718 3686 Sancti
742 3613 928 3709 Salvatoris
948 3621 989 3683 ut
1009 3611 1136 3684 debeat
1159 3632 1222 3707 per
1245 3631 1282 3684 se
1309 3610 1365 3682 vel
1383 3631 1447 3707 per
1467 3611 1637 3686 sindicum

238 3734 400 3809 idoneum
415 3756 616 3831 comparere
640 3736 674 3808 in
693 3737 839 3808 termino
855 3735 1051 3830 supradicto
1069 3756 1186 3807 coram
1204 3734 1338 3829 prefato
1356 3734 1497 3807 domino
1513 3735 1638 3808 Frede-

239 3851 307 3931 rico
320 3859 356 3930 in
371 3860 493 3932 Tuscia
509 3859 677 3956 imperiali
691 3860 820 3932 vicario
833 3859 987 3952 generali
999 3880 1063 3955 pro
1079 3879 1183 3930 causa
1198 3857 1450 3954 prenominata.

285 3982 359 4068 Que
384 3983 526 4076 quidem
559 3984 648 4056 iacta
682 3984 823 4056 suerunt
858 3983 894 4055 in
934 3983 1029 4056 curia
1058 3982 1184 4056 Montis
1217 3982 1396 4074 Latronis,
1421 3983 1638 4077 presentibus

240 4104 430 4180 Alamanno
446 4111 581 4181 notario
598 4117 633 4181 ct
650 4108 770 4180 Bucno
785 4107 958 4180 Beneiacti
974 4107 1018 4181 de
1037 4109 1154 4180 Monte
1168 4108 1330 4197 Latrone,
1351 4105 1397 4178 ad
1410 4104 1476 4178 hec
1494 4105 1639 4179 testibus

242 4231 371 4336 vocatis
389 4240 424 4303 et
443 4231 584 4324 rogatis.

285 4353 328 4425 Et
342 4375 408 4445 ego
421 4355 569 4428 Iacobus
581 4355 738 4428 notarius
755 4354 946 4450 predictam
961 4354 1152 4447 jussionem
1166 4352 1212 4427 de
1226 4351 1390 4426 mandato
1407 4351 1489 4426 dicti
1507 4351 1638 4427 domini

242 4475 408 4550 Frederici
423 4480 489 4552 ieci
504 4488 539 4551 et
551 4479 587 4550 in
600 4481 774 4574 publicam
789 4480 936 4551 formam
954 4478 1086 4571 redegi.

287 4599 430 4694 Signum
449 4603 518 4678 moi
532 4602 649 4676 Jacobi
664 4602 789 4676 notarii
807 4601 1007 4699 supradicti.

319 4844 371 4908 Vi.
392 4861 478 4907 rura.
