4306 5914
521 589 583 652 6116
1020 595 1235 658 arthritici
1259 595 1431 656 sacuam
1739 593 1928 672 [amitttat.

522 749 600 798 rum
618 728 795 802 efficacius
808 741 976 821 noceant,
992 732 1141 805 dominis
1164 741 1200 804 et
1218 731 1353 805 devotis
1373 727 1558 828 noa(o)ab
1579 729 1730 802 invicem
1752 739 1927 824 separant,

519 862 653 926 mutato
666 853 820 942 dominio
831 866 984 928 veterem
999 857 1178 928 dominum
1192 857 1310 948 abjicit
1320 865 1357 928 et
1367 876 1499 927 novum
1507 855 1650 928 assumit
1662 852 1745 926 lidei
1755 853 1930 950 nostre(lr)

523 1030 894 1054 ..........
915 991 956 1053 ut
968 983 1116 1054 alterum
1130 982 1315 1076 perimant,
1327 980 1428 1052 alteri
1445 979 1689 1066 blandiuntur,
1705 1000 1772 1052 neo
1785 999 1852 1050 nos
1866 979 1931 1049 ista

518 1101 757 1196 perspicimus,
768 1125 838 1177 uon
852 1103 1015 1176 vitamus.
1031 1106 1102 1177 Hae
1119 1113 1236 1176 autern
1254 1114 1388 1176 tantum
1402 1104 1497 1199 apud
1515 1101 1772 1176 Occidentalem
1790 1103 1929 1198 plagam

519 1233 555 1297 et
571 1226 608 1296 in
623 1227 762 1322 Europa
778 1238 895 1300 nostra
912 1228 1089 1323 potissime
1106 1227 1380 1302 committuntur.
1398 1213 1427 1301 0'
1443 1228 1529 1300 felix
1545 1227 1672 1316 Asia,o
1684 1227 1802 1299 lelices
1817 1227 1929 1298 orien-

519 1350 640 1421 talium
666 1362 943 1447 potestatesque
964 1354 1181 1452 subditorum
1213 1373 1310 1424 arma
1334 1373 1406 1423 aon
1429 1361 1589 1424 metuunt
1609 1360 1644 1424 et
1667 1351 1931 1424 adinventiones

517 1473 719 1570 pontilicum
738 1499 808 1549 non
825 1475 1006 1552 verenturl
1026 1479 1130 1550 Vobis
1148 1478 1251 1570 igitur
1267 1478 1303 1548 in
1321 1477 1488 1572 aequisita
1500 1479 1572 1571 jam
1590 1477 1701 1570 gloria
1718 1477 1868 1548 demanii
1885 1477 1929 1548 de

517 1609 660 1695 optenta
673 1601 817 1674 victoria
838 1601 883 1674 de
899 1603 1060 1693 Achivis,
1079 1603 1257 1674 nobilitate
1274 1601 1449 1674 communi
1467 1601 1610 1694 dignum
1627 1601 1798 1674 suadente
1819 1601 1929 1696 tripu·

518 1724 634 1816 dium,
651 1728 911 1820 congaudemus
925 1738 961 1801 et
974 1727 1155 1800 allectione
1174 1727 1338 1823 precipua
1357 1726 1522 1820 quemad
1537 1747 1600 1798 vos
1615 1725 1768 1818 gudurm
1781 1737 1931 1816 augente

517 1849 667 1922 leticiam
688 1851 810 1944 dignas
828 1851 1087 1944 magnificentie
1099 1863 1215 1924 vestre
1236 1862 1353 1944 grates
1369 1851 1545 1924 offerimus
1558 1851 1653 1945 quod
1670 1850 1852 1944 figurative
1868 1872 1932 1946 per

517 1975 649 2048 litteras
666 1976 894 2049 nuntiationis
911 1977 1048 2050 iudiciis
1064 1997 1134 2051 non
1157 1977 1330 2067 contenti,
1348 1977 1537 2072 corporalis
1552 1985 1712 2070 aspectus
1730 1974 1835 2049 vestri
1848 1997 1930 2070 pre·

517 2102 661 2172 sentiam
679 2102 782 2174 nobis
795 2101 962 2198 hylariter
976 2101 1162 2175 obtulistis.
1176 2104 1227 2174 De
1245 2100 1511 2198 triumphalibus
1525 2121 1610 2172 vero
1624 2099 1751 2172 nostris
1763 2109 1805 2171 ut
1818 2099 1929 2194 impe·

516 2225 651 2298 rialium
669 2227 807 2321 epicum
825 2237 925 2299 tenor
938 2237 1019 2300 vota
1036 2237 1152 2300 vestra
1167 2225 1325 2318 letilioet,
1344 2227 1432 2298 scire
1447 2247 1512 2299 vos
1526 2225 1685 2320 cupimus
1704 2223 1801 2318 quod
1817 2245 1930 2317 quan·

517 2367 621 2443 quam
643 2351 787 2423 victorie
813 2360 931 2423 nostre
954 2371 1093 2424 cursum
1116 2351 1187 2422 huo
1206 2371 1317 2444 nsque
1342 2349 1528 2422 tardaverit
1548 2348 1778 2442 quorumdam
1800 2347 1930 2420 furiosa

516 2474 662 2546 rebellio
682 2485 718 2548 et
734 2485 874 2548 versuta
890 2475 1060 2547 calliditas
1084 2475 1294 2568 aliquorum,
1311 2474 1459 2546 faciente
1475 2473 1693 2546 exercituum
1706 2471 1853 2544 Domino
1869 2473 1930 2565 qui

516 2617 580 2694 per
596 2600 728 2690 justitie
744 2599 879 2693 gladios
893 2600 970 2673 vias
990 2600 1103 2695 aperit
1118 2619 1254 2693 regum,
1269 2599 1361 2676 circe
1377 2607 1492 2694 Partes
1507 2596 1661 2670 Ausoaie
1675 2607 1930 2670 commorantes

516 2725 704 2816 gloriosum
712 2734 892 2821 ceptorum
903 2723 1008 2798 linem
1022 2725 1197 2798 deditione
1210 2723 1346 2819 liguria
1355 2724 1427 2816 jam
1443 2719 1673 2821 [imminente]
1683 2722 1924 2816 prestolamur.

380 3315 441 3401 2³⁰⁰.
569 3309 781 3394 Commurm
800 3309 984 3396 Novariae
1005 3309 1162 3394 domiuo
1186 3335 1306 3420 papae
1331 3309 1518 3420 supplicat
1535 3310 1640 3418 quod
1664 3309 1719 3392 eis
1745 3335 1823 3393 non
1850 3335 1926 3391 au·

514 3441 611 3525 ferat
631 3443 801 3554 legatum
825 3443 1053 3553 Gregorium
1080 3445 1128 3527 de
1147 3443 1406 3552 Montelongo,
1432 3443 1560 3551 quiin
1587 3453 1775 3526 conventu
1801 3441 1926 3526 socie-

514 3576 602 3658 tatis
631 3576 882 3660 Lomhardiae
911 3577 1149 3660 nuntiaverat
1180 3578 1297 3659 seed
1328 3576 1472 3660 cunam
1504 3577 1716 3660 Romanam
1751 3577 1926 3660 recedere

512 3709 621 3792 velle.

593 3911 718 3991 (laedit.
733 3931 771 3974 ex
785 3913 851 3974 eod.
867 3913 941 3973 Blbl.
957 3914 1087 3974 anivers.
1103 3913 1243 3992 Leipslc.,
1257 3923 1291 3972 1ο
1305 3921 1398 3989 1168,
1415 3911 1467 3972 111.
1488 3921 1562 3989 1263
1574 3915 1657 3991 cujus
1675 3909 1814 3989 epistolae
1828 3913 1922 3988 epito-

631 4037 701 4080 men
717 4020 924 4080 tantummodo
937 4015 1123 4097 exhibemus,
1137 4016 1193 4080 hoc
1205 4019 1305 4080 addito
1321 4017 1386 4080 loco
1400 4021 1452 4096 qul
1470 4019 1564 4096 maglo
1577 4019 1616 4079 ad
1630 4033 1692 4078 ram
1706 4025 1838 4079 nostram
1854 4033 1921 4094 per·

632 4127 725 4186 tlnere
738 4123 880 4204 videtur.)

563 4367 572 4384 .
602 4365 612 4385 .
645 4363 654 4384 .
684 4361 694 4384 .
722 4312 871 4385 Novarie
887 4313 1008 4386 civitas
1022 4313 1113 4385 inter
1128 4313 1214 4386 alias
1229 4312 1298 4386 lide
1312 4315 1482 4409 preclara,
1502 4271 1766 4410 procurantibus
1780 4310 1920 4404 quihus·

511 4438 591 4511 dam
612 4437 672 4531 qui
693 4459 764 4510 non
787 4438 929 4534 impune
953 4439 1166 4528 transibunt,
1178 4441 1253 4530 jam
1274 4461 1385 4534 nuper
1405 4448 1480 4511 erat
1499 4439 1535 4510 io
1555 4437 1718 4510 Friderici
1742 4434 1917 4530 quondam

552 4611 593 4692 (a)
614 4609 747 4674 Forsitan
762 4609 918 4693 legendum
932 4611 1074 4675 1111111
1088 4611 1168 4676 nolte
1181 4618 1241 4675 eto
1254 4611 1435 4676 dorotheus.

550 4717 591 4800 (t)
612 4719 1023 4783 monumentorum.
