4300 5916
519 593 582 656 aaa
1045 597 1228 662 nonnam
1254 598 1403 674 ourani
1488 612 1493 621 ·
1736 602 1820 681 [nn.
1839 603 1926 668 rasa.

521 730 571 804 rei
590 731 820 805 testimonium
840 753 981 826 presens
997 733 1163 829 scriptum
1187 733 1280 807 dicto
1294 733 1469 832 preposito
1485 732 1690 808 tradidimus
1706 735 1807 830 sigilli
1821 741 1928 812 nostri

521 855 710 927 munimine
726 857 940 931 roboratum.

569 981 695 1052 Datum
712 990 749 1053 et
766 989 882 1052 actum
896 981 1075 1070 Treveris,
1094 1002 1188 1054 anno
1207 981 1591 1072 caminiacum,
1612 982 1770 1058 kalendis
1792 985 1924 1059 marcii.

343 1500 468 1612 iffi,
576 1488 790 1595 Conradus,
809 1487 850 1569 in
866 1485 1128 1572 Romanorum
1145 1487 1446 1598 regemelectus,
1463 1487 1685 1573 abbatemet
1699 1502 1926 1575 conventum

360 1610 447 1654 'm'
522 1623 649 1708 Sancti
680 1621 875 1709 Maximini
904 1623 1004 1731 apud
1033 1621 1223 1706 Treverim
1251 1621 1324 1705 sub
1359 1630 1493 1705 suaet
1523 1620 1671 1731 imperii
1697 1625 1926 1733 protectione

522 1755 674 1866 speciali
692 1754 836 1864 recipit.

602 1956 734 2036 (Edlder.
747 1957 923 2029 Zuuuasrus
939 1953 1070 2035 desmate
1082 1951 1181 2016 abbat.
1196 1955 1299 2034 imper.
1311 1957 1343 2017 S.
1358 1953 1532 2029 Maximini,
1545 1972 1614 2032 pars
1625 1955 1686 2028 111,
1701 1973 1731 2034 p.
1745 1965 1795 2018 ao.
1809 1990 1848 2002 -
1863 1958 1924 2020 Lu-

640 2081 705 2139 urn,
721 2059 928 2136 amburere,
945 2069 968 2122 t.
985 2061 1067 2136 XVI,
1081 2078 1112 2140 p.
1129 2061 1537 2131 284.-Hounnn11‚Hirt.
1556 2062 1668 2123 Treuir.
1682 2059 1846 2142 diplontat„
1861 2070 1880 2123 t
1897 2065 1922 2136 1,

639 2185 671 2247 p.
687 2167 771 2246 tao.)

567 2339 763 2431 Conradus,
785 2341 857 2412 divi
880 2340 1016 2432 augusti
1038 2339 1255 2435 imperatoris
1275 2337 1439 2412 Friderici
1457 2339 1565 2431 lilius,
1586 2339 1649 2413 Dei
1669 2341 1780 2434 gratia
1799 2341 1922 2414 llcma·

519 2488 644 2540 norum
671 2466 707 2536 in
735 2485 855 2557 regem
884 2463 1017 2536 electus
1046 2485 1183 2559 semper
1209 2473 1378 2557 angustus
1403 2474 1439 2537 et
1458 2464 1561 2538 heres
1591 2465 1690 2558 regni
1715 2467 1921 2557 Jerusalem,

519 2591 690 2664 universis
715 2589 849 2685 imperii
878 2588 1039 2662 fidelibus
1065 2599 1245 2685 presentes
1267 2590 1401 2661 litteras
1426 2589 1633 2686 inspecturis
1655 2592 1802 2683 gratiam
1825 2613 1922 2664 suam

519 2727 555 2789 et
581 2736 684 2787 omna
725 2715 867 2786 bonum.
906 2713 1196 2809 Supplicaverunt
1225 2712 1421 2784 celsitudini
1444 2723 1562 2785 nostre
1585 2715 1793 2787 venerabilis
1815 2715 1922 2788 abbas

519 2852 555 2912 et
572 2848 764 2912 conventus
781 2838 898 2909 Sancti
910 2837 1090 2909 Maximini
1116 2837 1345 2929 Trevirensis‚
1375 2835 1497 2909 fideles
1522 2838 1651 2929 nostri,
1675 2849 1715 2910 ut
1743 2840 1922 2912 ecclesiam

519 2973 554 3036 et
572 2963 689 3036 omnia
709 2961 801 3034 bona
822 2982 942 3033 eorum
963 2981 1032 3055 qna
1053 2961 1147 3054 juste
1168 2969 1288 3032 tenent
1313 2969 1349 3032 et
1367 2961 1561 3055 possident,
1587 2962 1652 3034 sub
1676 2963 1861 3059 imperialis
1888 2973 1922 3035 et

518 3098 634 3160 nostre
654 3085 877 3182 protectionis
899 3086 1010 3177 gratia
1032 3085 1187 3179 recipere
1208 3085 1443 3178 dignaremur.
1467 3087 1538 3158 Nos
1562 3085 1666 3179 igitur
1681 3087 1741 3182 qui
1758 3108 1920 3183 personas

518 3212 695 3304 religiosas
711 3221 746 3282 et
767 3211 843 3282 loca
858 3211 930 3281 Deo
949 3209 1063 3282 dicata
1079 3208 1123 3281 de
1140 3209 1260 3281 innata
1275 3209 1376 3282 nobis
1392 3209 1520 3303 pietate
1537 3211 1748 3282 intendimus
1766 3224 1802 3285 et
1817 3213 1918 3286 auec·

519 3347 630 3408 tamus
655 3335 835 3407 defensare
865 3333 1100 3406 favorabiliter
1133 3355 1175 3405 ac
1204 3334 1343 3422 lovere,
1368 3333 1434 3428 piis
1465 3354 1585 3405 eorum
1616 3335 1920 3430 supplicationibus

516 3460 669 3552 legitime
694 3457 869 3546 inclinati,
896 3457 1055 3528 eamdem
1083 3456 1264 3528 ecclesiam
1290 3478 1369 3528 cum
1395 3457 1557 3528 omnibus
1579 3457 1679 3530 bonis
1700 3459 1858 3554 suisque
1884 3461 1918 3532 iu

517 3583 668 3679 presenti
692 3584 786 3675 juste
806 3590 925 3652 tenent
946 3591 981 3652 et
999 3581 1178 3675 possident
1196 3582 1253 3653 vel
1278 3601 1346 3674 que
1376 3582 1411 3652 in
1439 3591 1542 3654 autea
1557 3583 1661 3676 justis
1685 3583 1799 3656 modis
1821 3597 1918 3679 pote·

516 3718 599 3779 runt
614 3706 775 3802 adipisci,
794 3706 860 3778 sub
877 3705 1091 3800 protectione
1106 3715 1223 3777 nostra
1237 3714 1273 3776 et
1286 3705 1420 3801 imperii
1434 3706 1620 3801 recipimus
1639 3707 1796 3802 speciali;
1821 3730 1917 3780 man·

515 3833 639 3904 dantes
656 3842 691 3903 et
704 3851 767 3924 per
782 3830 960 3901 obtentum
977 3829 1088 3920 gratia
1105 3829 1238 3901 domini
1261 3839 1297 3901 et
1321 3829 1429 3925 patris
1450 3831 1560 3902 nostri
1585 3841 1622 3903 et
1640 3843 1758 3904 nostre
1781 3831 1923 3906 firmiter

514 3957 745 4054 precipientes
765 3963 936 4048 quatenm
956 3953 1074 4024 nullus
1096 3953 1141 4025 sit
1161 3953 1221 4048 qui
1241 3953 1400 4026 eamdem
1423 3955 1605 4026 ecclesiam
1623 3956 1678 4026 vel
1700 3978 1867 4052 personas
1888 3959 1922 4030 iu
2044 3946 2047 3954 ’

515 4103 556 4154 ea
572 4081 719 4154 Domino
733 4079 940 4151 famulantes
958 4077 994 4148 iu
1013 4077 1114 4149 bonis
1131 4077 1203 4149 suis
1219 4087 1397 4174 presumat
1414 4079 1471 4150 vel
1488 4078 1617 4151 audeat
1634 4079 1852 4174 aliquatenus
1871 4095 1918 4155 te·

513 4227 609 4278 mere
620 4206 815 4278 molestare.
827 4203 928 4288 Quod
940 4203 1000 4295 qui
1015 4203 1264 4299 presumpserit
1276 4203 1549 4295 indignationem
1565 4215 1719 4276 nostram
1736 4217 1771 4278 et
1784 4207 1917 4302 imperii

433 4420 434 4423 Ἴ
512 4352 549 4402 se
566 4329 702 4404 noverit
716 4326 869 4422 graviter
884 4326 1080 4398 incurrisse.

558 4453 684 4526 Actum
700 4473 792 4524 anno
807 4450 978 4523 dominica
993 4450 1239 4522 incarnationis
1255 4451 1302 4522 Μ.
1315 4450 1375 4524 CC.
1387 4450 1489 4540 XLll,
1507 4473 1626 4524 manse
1641 4453 1769 4544 martii,
1784 4455 1846 4528 XV
1862 4455 1914 4526 iu·

510 4577 683 4652 dictionis.

558 4704 683 4774 Datum
699 4699 793 4794 apud
809 4697 998 4788 Treverim,
1016 4718 1123 4788 anno,
1140 4715 1258 4770 mensa
1274 4707 1310 4770 et
1325 4697 1516 4772 indictione
1532 4699 1743 4796 prescriptis.
