4318 5904
705 555 829 616 iltnltll
854 556 1202 619 DOCUMENTORUM.
1596 565 1657 626 987

254 753 367 830 titia

242 861 377 945 ffl
428 880 577 960 Lugduni.
626 914 668 930 -
687 885 815 946 ilenrico
832 887 990 966 Frajapanl
1008 888 1110 964 palatll
1129 887 1332 949 Lateranensls
1349 888 1448 950 comiti
1461 892 1659 968 principatum

668 981 786 1043 Tarenti
799 1000 867 1044 cum
882 991 960 1044 terra
974 986 1088 1046 idrontl
1098 1028 1107 1058 ,
1118 1002 1206 1059 quem
1220 986 1391 1047 Constantia
1403 989 1554 1063 qnondam
1568 992 1660 1068 impe·

667 1083 759 1141 ratris
773 1082 920 1143 avunculo
932 1086 996 1160 ejus
1009 1083 1126 1144 0ddonl
1141 1089 1323 1144 concesserat
1338 1090 1368 1144 et
1377 1091 1479 1161 postea
1491 1086 1658 1149 Frlderlous

666 1177 841 1251 emoleret,
857 1179 894 1238 dc
907 1181 1003 1257 gratia
1013 1181 1131 1256 speciali
1146 1183 1284 1240 restituit.
1319 1257 1325 1268 ι
1598 1195 1656 1246 tet

250 1275 368 1349 tinnit.
426 1267 575 1347 Lugduni.
628 1305 667 1320 -
686 1273 814 1334 ilenrico
835 1276 992 1354 Frelapanl
1011 1276 1125 1337 tructus
1138 1284 1168 1337 et
1187 1278 1319 1338 redditus
1329 1278 1481 1356 judicatus
1492 1279 1654 1358 Arboreae,

665 1377 788 1448 excepto
806 1389 897 1434 censu
917 1375 1067 1435 Romanae
1086 1376 1234 1436 Ecclesiae
1254 1375 1370 1450 debito,
1390 1378 1534 1454 quamdiu
1548 1382 1656 1441 viserit

254 1447 366 1523 1250
665 1470 867 1546 percipiendos
880 1472 1025 1532 concedit.
1596 1487 1655 1540 itt

240 1554 375 1651 ruffi
426 1568 577 1647 Lugduni.
628 1596 666 1610 -
688 1566 921 1628 ltrtordlensibus
941 1569 1105 1646 gratulatur
1126 1569 1206 1646 quod
1220 1571 1370 1630 Romanae
1386 1571 1533 1632 Ecclesiae
1550 1576 1655 1635 incon·

664 1681 749 1726 cussa
775 1665 974 1740 adhaeserint,
1003 1668 1166 1727 asslstmdo
1187 1668 1403 1746 archiepiscopo
1425 1673 1600 1748 Mogontlno
1625 1681 1656 1734 et

663 1767 822 1823 successori
836 1767 900 1841 ejus
913 1766 944 1822 in
957 1768 1073 1840 negotio
1087 1765 1233 1825 Ecclesiae
1247 1773 1436 1826 memoratae.
1494 1777 1543 1838 57,
1556 1777 1618 1831 not.
1638 1780 1649 1831 t
1665 1757 1670 1770 ’

249 1870 266 1921 8
277 1865 365 1937 lunll.
422 1859 571 1938 Lugduni.
626 1890 664 1904 -
683 1858 839 1921 Communi
858 1861 1006 1920 Toieutini
1030 1878 1082 1936 pro
1100 1862 1208 1921 devota
1222 1879 1323 1923 eorum
1336 1865 1514 1940 argasedem
1529 1872 1652 1941 aposto-

663 1954 749 2015 licam
763 1956 838 2032 ilde,
858 1963 988 2016 castrum
1005 1956 1101 2017 Pettnl
1115 1965 1144 2016 et
1156 1958 1214 2017 alla
1224 1961 1293 2034 jura
1306 1959 1345 2018 ad
1356 1962 1507 2020 civitatem
1521 1961 1652 2024 Tolenti-

664 2068 737 2112 num
751 2056 927 2129 pertinentia
941 2053 1048 2128 quibus
1063 2070 1081 2114 a
1093 2054 1242 2116 Friderlco
1255 2055 1518 2134 spoliatiiuerant,
1535 2059 1572 2118 de
1586 2075 1654 2136 gra·

662 2152 981 2227 tiaspeciallrestltolt.
1593 2163 1650 2217 'lit

1062 2336 1218 2350 m

635 2533 810 2606 Corradus
826 2532 901 2630 (ll)
916 2535 953 2604 s'n
966 2537 1192 2605 Romanorum
1207 2555 1320 2626 repam
1333 2533 1453 2607 electus
1471 2547 1503 2607 et
1518 2537 1633 2609 baares

250 2685 358 2762 1241
929 2651 1027 2743 requi
1042 2649 1313 2744 ierosolymitoni
1328 2675 1339 2720 :

237 2832 268 2884 tt
295 2833 369 2903 sept.
405 2823 494 2901 Apud
506 2823 586 2885 llall.
619 2856 659 2868 -
675 2823 751 2884 Ducl
764 2825 802 2885 da
816 2825 957 2902 Limburg
971 2826 1094 2885 mandat
1111 2825 1230 2902 quodsi
1248 2823 1429 2885 Coloniensls
1451 2824 1562 2885 eiectus
1578 2842 1646 2886 cas-

657 2927 736 2981 uum
755 2922 835 2997 apud
855 2921 1004 2996 liemagen
1030 2919 1183 2981 aedilicare
1212 2921 1354 2992 voluerit,
1374 2920 1450 2980 illud
1472 2926 1534 2982 toto
1562 2937 1647 2996 posse

657 3021 808 3094 impediat.
1587 3028 1643 3082 tii

235 3121 269 3172 te
292 3122 367 3191 sept.
403 3116 584 3195 Apudliall.
617 3147 657 3160 -·-
676 3116 887 3194 Borgravlode
900 3116 1103 3188 iiamersteln‚
1119 3114 1356 3175 ministerialibus
1370 3122 1400 3175 et
1417 3118 1531 3192 imperil
1548 3115 1644 3177 lideli-

656 3212 712 3273 bus
732 3213 855 3272 mandat
876 3213 957 3289 quod
979 3214 1017 3273 ad
1044 3215 1261 3290 requisitionem
1281 3212 1403 3272 Gerardl
1428 3213 1465 3273 de
1487 3214 1644 3293 Sintzlgln

655 3314 775 3371 comites
793 3311 831 3370 da
848 3310 962 3370 Nasson
977 3317 1006 3370 et
1019 3310 1056 3370 de
1069 3309 1212 3388 lsenburg
1230 3309 1362 3386 aliosque
1376 3311 1491 3388 imperti
1508 3314 1644 3372 inimicos

655 3411 819 3487 insurgant.
1584 3420 1641 3470 818

231 3502 268 3556 88
289 3507 363 3576 sept
449 3505 537 3582 Apud
616 3539 655 3552 -
674 3507 826 3566 Universls
839 3504 1015 3566 olflcialtbus
1034 3505 1064 3565 ct
1081 3504 1195 3566 civibus
1209 3506 1324 3582 imperil
1338 3506 1461 3566 mandat
1474 3512 1506 3565 ut
1519 3522 1643 3584 genera·

395 3600 583 3682 Uberllngen.
654 3605 712 3664 lem
735 3603 951 3663 ordinationem
964 3619 982 3663 a
996 3611 1080 3680 patre
1093 3619 1147 3662 suo
1161 3604 1193 3660 ln
1204 3605 1287 3663 curia
1300 3604 1520 3681 Mogontinensi
1534 3603 1641 3664 factam

653 3706 731 3763 circa
744 3701 1358 3772 ecclesiamdesalcmobservarilaclaut,
1373 3709 1430 3761 etc.
1582 3711 1639 3762 818

237 3789 356 3851 octobri.
448 3797 536 3874 Apud
614 3833 655 3846 -·
673 3799 843 3859 Tractatum
863 3815 952 3874 quem
971 3797 1157 3858 Eberhardus
1175 3797 1266 3858 abbas
1283 3799 1320 3857 de
1334 3799 1433 3857 Salem
1446 3804 1475 3856 ct
1488 3799 1552 3873 ejus
1567 3815 1640 3858 con·

392 3892 583 3973 Uberllngen.
653 3903 758 3958 uentus
775 3912 843 3954 cunr
861 3895 994 3955 Conrado
1012 3895 1049 3954 de
1061 3895 1148 3954 Ulma
1162 3898 1275 3954 notario
1289 3901 1319 3954 et
1332 3892 1564 3954 Helnrlcolratre
1576 3897 1640 3970 ejus

540 3986 543 3992 ’
652 4010 739 4068 super
753 3993 882 4068 quadam
895 3991 984 4050 domo
997 3994 1028 4050 in
1046 3991 1134 4051 Ulmo
1148 3991 1328 4067 babuerunt,
1342 3988 1506 4049 confirmat.
1580 3999 1638 4049 820

239 4087 271 4138 ¹¹
291 4089 350 4142 ⁰01·
445 4088 533 4164 Apud
612 4122 653 4135 -
672 4090 824 4150 Advocato
843 4094 873 4148 et
893 4087 1007 4147 clvlbus
1022 4088 1231 4148 Turlcenslbus
1247 4085 1571 4162 mandatquodnullos
1585 4085 1637 4145 de-

397 4183 569 4245 Scbafusen.
650 4188 748 4246 norlos
767 4188 800 4244 ln
821 4184 1033 4260 praejudicium
1056 4191 1193 4244 monetae
1215 4183 1379 4243 abbatissae
1392 4183 1560 4242 Turicensls
1573 4182 1637 4242 dari

825 4325 830 4342 .
1578 4286 1633 4336 821

233 4370 355 4430 oeiobrl·
443 4378 532 4454 Apud
610 4285 834 4438 -PLLLLLLLLets
856 4381 1033 4441 monasterio
1057 4375 1229 4435 monialium
1248 4373 1328 4451 apud
1343 4373 1450 4433 Balndt
1467 4389 1485 4431 a
1501 4372 1636 4435 Conrado

421 4476 546 4536 Blande.
649 4479 785 4552 pincerna
803 4476 839 4534 dc
852 4476 1078 4534 Winterstetten
1092 4472 1223 4550 ejusdem
1237 4470 1392 4531 laudatore
1403 4486 1555 4529 concessas
1565 4487 1635 4530 con·

648 4574 763 4646 firmat,
786 4574 922 4650 idemque
944 4579 975 4632 et
995 4571 1114 4649 praedia
1133 4573 1197 4646 ejus
1218 4570 1255 4630 ab
1275 4571 1357 4628 omni
1375 4571 1443 4646 juro
1465 4568 1636 4628 advocatiae

647 4673 763 4731 eximit.
1576 4673 1633 4725 822
