4300 5916
242 594 347 657 lvovtr.
361 591 407 677 4.]
699 585 895 650 HISTORIA
919 584 1214 650 ntrtomamcll.
1594 585 1657 650 869

245 729 368 803 tudine
387 725 498 821 gratie
522 723 656 822 papalis
675 731 711 796 et
737 722 967 795 ecclesiastice
991 721 1144 796 debeant
1164 722 1391 796 reconciliari.
1416 718 1472 796 Ad
1488 723 1588 816 cujus
1604 722 1655 794 rei

244 853 447 926 memoriam
464 859 644 946 presentes
654 847 787 920 litteras
801 845 876 918 lieri
892 847 1037 918 fecimus
1050 847 1162 939 sigillo
1173 857 1292 920 nostm
1306 845 1470 919 munitas.

293 979 418 1050 Datum
433 974 618 1064 sebaim,
631 972 757 1045 XXVll
768 970 906 1064 marcii,
926 980 1050 1065 quarte
1064 969 1273 1044 indictionis.

301 1538 523 1645 Consevius,
549 1536 590 1618 in
619 1537 880 1620 Romanorum
910 1561 1040 1646 regem
1070 1534 1232 1644 electus,
1263 1537 1314 1619 ad
1337 1536 1650 1647 supplicationem
1741 1566 1766 1653 p
1812 1585 1829 1652 ⁹.

250 1671 425 1758 Gcrchini
443 1672 492 1755 de
510 1669 638 1780 Sinzig
660 1669 856 1754 castellani
875 1669 915 1752 in
940 1670 1175 1778 Landscron‚
1193 1671 1339 1754 litteras
1356 1672 1506 1754 ilenrici
1524 1697 1656 1782 quon-

248 1807 341 1888 dam
367 1805 628 1889 Romanorum
656 1804 758 1914 regis
784 1805 833 1886 de
853 1802 941 1914 jure
961 1812 1184 1912 patronatus
1206 1803 1247 1886 in
1269 1803 1509 1916 Konigsleld‚
1536 1829 1656 1890 reno-

248 1938 330 2022 vari
348 1949 387 2022 ct
402 1936 559 2022 rescribi
573 1936 696 2049 jubet.

330 2151 433 2233 (ltdld.
448 2153 561 2227 Tross,
581 2148 770 2233 westphalia,
786 2151 873 2230 elul.
888 2159 977 2230 182⁵,
992 2167 1024 2228 p.
1043 2152 1105 2226 lt.)

296 2338 493 2431 Conradus,
518 2339 591 2413 divi
617 2337 835 2436 imperatoris
850 2337 1014 2410 Fridcrioi
1034 2335 1142 2430 lilius,
1164 2337 1229 2409 Dei
1244 2335 1355 2430 gratia
1369 2338 1603 2411 Romanomm
1621 2339 1658 2413 in

248 2486 369 2559 regem
397 2465 547 2555 electus,
580 2485 718 2560 semper
750 2473 918 2557 augustus
943 2471 979 2535 et
1004 2461 1106 2535 heres
1127 2461 1226 2556 regui
1250 2462 1463 2555 temsalen,
1485 2463 1658 2537 universis

249 2588 385 2684 imperii
396 2586 559 2660 fidelihus
574 2597 753 2685 presentes
765 2587 897 2659 litteras
911 2587 1118 2683 inspecturis
1135 2587 1281 2680 gratiam
1307 2609 1405 2660 suam
1420 2596 1456 2659 et
1471 2610 1575 2661 omne
1593 2590 1658 2662 bc·

249 2735 348 2785 num.
365 2712 586 2785 Universitati
602 2722 716 2784 vestre
734 2713 896 2784 volumus
912 2732 987 2782 esse
1003 2722 1124 2783 notum
1134 2711 1230 2806 quod
1243 2710 1435 2785 Gerchinus
1449 2712 1493 2785 de
1503 2713 1656 2805 Sinzigh,

250 2838 458 2909 castellanus
472 2837 508 2908 in
521 2837 753 2928 Lundtscron,
769 2835 983 2931 presentavit
999 2835 1098 2907 nobis
1112 2835 1244 2907 litteras
1256 2835 1293 2906 in
1306 2835 1372 2908 hac
1388 2837 1498 2907 forma
1515 2862 1524 2906 ε

300 2957 483 3058 (Sequitur
507 2970 608 3033 tenor
632 2961 825 3032 litterarum
846 2959 1093 3052 recognitionis
1116 2959 1272 3051 Henrici,
1295 2960 1529 3033 Romanorum
1546 2961 1656 3054 regis,

242 3079 324 3157 dat.
343 3105 401 3180 ap.
416 3085 556 3180 Hayne,
573 3083 835 3174 nonisoctobr.‚
855 3082 976 3156 indict.
992 3082 1073 3173 XV3
1089 3103 1179 3178 quae
1195 3104 1320 3177 supra,
1340 3093 1366 3155 t.
1385 3083 1432 3175 11,
1450 3105 1486 3178 p.
1506 3082 1609 3181 885.)

298 3209 428 3280 Verum
450 3207 532 3300 quia
551 3205 643 3279 idem
671 3205 861 3278 Gemhinus
879 3205 1087 3302 supplicavit
1107 3207 1313 3280 excellentie
1330 3215 1448 3279 nostre
1464 3216 1505 3279 ut
1519 3207 1659 3281 easdem

249 3331 382 3405 litteras
406 3329 568 3404 renovari
591 3340 628 3402 et
658 3329 801 3402 rescribi
827 3331 893 3402 sub
913 3329 1026 3423 sigillo
1050 3339 1169 3401 nostro
1190 3329 1451 3422 mandaremus,
1472 3351 1536 3404 nos
1551 3331 1661 3426 ipsios

251 3453 413 3552 precibus
422 3453 592 3546 inclinati,
605 3455 756 3549 prefatas
768 3452 900 3526 litteras
911 3451 955 3526 de
968 3452 1077 3525 verbo
1090 3449 1135 3524 ad
1146 3453 1292 3526 verbum
1302 3453 1484 3526 transcribi
1492 3431 1660 3548 jussimus

252 3587 288 3650 et
301 3577 413 3671 sigillo
427 3587 546 3651 nostro
562 3574 701 3649 muniri.

300 3703 427 3775 Datum
441 3701 619 3792 Gamund,
633 3701 720 3774 llllll
736 3700 873 3796 aprilis,
891 3700 949 3772 llll
965 3699 1165 3773 indictione.

308 4251 530 4361 Conradus,
564 4254 604 4337 in
631 4255 891 4339 Romanorum
927 4255 1246 4366 regemelectus,
1272 4253 1338 4364 jus
1373 4256 1591 4340 advocatiae
1618 4254 1659 4338 in

253 4381 492 4496 Wctphlsria
512 4397 550 4470 et
576 4386 878 4497 jurisdictionem
903 4387 943 4468 in
970 4387 1193 4498 Hiltenberg
1215 4387 1435 4471 auctoritate
1455 4387 1575 4496 patris
1600 4389 1662 4471 sui

255 4527 292 4598 et
311 4542 382 4600 sua
400 4517 576 4602 Comadc
593 4529 631 4603 et
647 4518 877 4604 Widelrindc
897 4519 945 4601 de
962 4517 1198 4631 Merinberg‚
1222 4517 1290 4628 qui
1308 4517 1348 4600 in
1367 4518 1527 4602 servitiis
1544 4519 1664 4627 patris

256 4645 315 4730 s'ui
332 4642 370 4731 c't
387 4649 468 4733 suis
485 4676 708 4760 permanere
725 4648 995 4760 promiserunt,
1015 4649 1246 4760 possidenda
1262 4652 1449 4736 concedit.

333 4781 388 4847 vt.
409 4799 499 4848 runs.
1451 4793 1508 4851 tto

1745 4281 1809 4338 dpnd

1710 4334 1846 4389 mlum

1746 4391 1815 4434 mulo.
