4306 5914
970 625 993 680 -·
1026 629 1237 699 rnrnsnrcr
1261 631 1436 700 saeuum
1486 633 1491 638 ·
1741 641 1936 724 [aaran

434 1197 455 1229 ⁰'
577 1195 811 1310 Friderieus,
838 1201 1101 1287 Romanorum
1139 1203 1360 1314 imperator,
1398 1205 1556 1290 mandat
1589 1206 1786 1317 capitaneo
1824 1211 1932 1320 regni

523 1337 629 1448 quod
646 1335 826 1446 procedat
848 1336 897 1418 ad
915 1335 1121 1420 vindictam
1145 1336 1244 1420 Petri
1262 1339 1311 1422 de
1328 1338 1446 1422 Vinea
1459 1341 1688 1449 proditoris,
1712 1343 1778 1453 qui
1799 1345 1933 1429 mortis

522 1471 704 1555 haustum
730 1470 803 1554 sibi
826 1471 972 1555 studuit
993 1474 1195 1582 propinare
1227 1471 1326 1556 etin
1353 1499 1514 1585 reguum
1551 1475 1714 1560 mittitur
1752 1478 1932 1563 ultimum

523 1603 752 1715 supplicium
769 1604 980 1690 subiturus.

603 1821 699 1904 (Edit.
714 1825 747 1884 tn
760 1820 844 1886 Petri
855 1819 890 1884 dc
909 1821 974 1885 Vin.
986 1823 1083 1904 apoc,
1096 1823 1149 1885 ltb.
1160 1819 1200 1903 V,
1216 1839 1283 1902 cap.
1299 1819 1345 1903 113
1361 1823 1429 1886 coll.
1443 1841 1512 1886 cnm
1525 1823 1651 1888 codlclb.
1667 1825 1743 1888 Bllrl.
1758 1829 1857 1892 Cesar.
1872 1831 1929 1892 Pa·

639 1927 806 2010 rla.,sonds
819 1929 1057 1993 Sciet-Gerrunio
1067 1927 1191 2010 neap,
1207 1939 1241 1992 n·
1257 1939 1328 2005 455,
1343 1927 1471 2010 etscndt
1485 1933 1692 2014 Notae-Dante,
1709 1945 1743 1994 η·
1758 1943 1829 2015 20²,
1843 1953 1929 2015 prac-

524 2037 526 2046 '
639 2041 796 2118 ctpucrero
809 2055 878 2102 cum
891 2039 958 2101 cod.
972 2047 1063 2112 soso,
1079 2039 1131 2100 tol.
1150 2046 1184 2099 tn
1200 2055 1294 2111 remo,
1318 2055 1386 2098 coc.
1392 2035 1485 2118 fonde
1499 2035 1583 2117 lotio,
1598 2041 1651 2103 ubl
1664 2041 1784 2104 rubrica
1801 2042 1844 2104 tta
1855 2060 1927 2106 exa·

639 2153 724 2209 ratur
741 2159 750 2209 ε
768 2146 806 2208 Ut
813 2144 989 2227 proudotor
999 2143 1042 2208 ad
1053 2143 1211 2208 addulam
1225 2143 1309 2206 Petri
1322 2144 1357 2206 dc
1376 2145 1496 2226 Vincit.)

568 2337 620 2411 Ne
638 2336 758 2411 divino
771 2337 936 2424 instinctu
952 2335 1151 2432 precognita
1164 2356 1222 2408 ars
1236 2357 1323 2408 ausu
1337 2335 1497 2432 precipiti
1513 2335 1641 2408 furiosa
1655 2335 1699 2409 de
1713 2357 1777 2411 suo
1791 2335 1928 2412 irratio·

520 2462 684 2538 nabiliter
702 2462 895 2536 facinoroso
913 2460 1102 2557 triumphet
1114 2471 1247 2549 autore,
1258 2457 1454 2558 Petrum(o)
1470 2459 1541 2532 lese
1557 2460 1746 2554 majestatis
1760 2472 1877 2535 nostre
1891 2463 1928 2536 in

519 2588 663 2662 erimine
680 2586 957 2684 deprehensum,
976 2595 1055 2682 post
1069 2587 1178 2658 multa
1198 2585 1364 2680 variaque
1382 2594 1571 2677 tormenta,
1586 2595 1626 2659 ut
1642 2585 1745 2658 unius
1762 2609 1868 2682 poena
1884 2589 1929 2660 sit

519 2713 653 2788 timoris
667 2713 817 2786 incussio
830 2713 1081 2808 plurimorum,
1096 2733 1238 2808 poenam
1253 2711 1369 2785 subire
1385 2711 1603 2784 decrevimus
1622 2711 1817 2808 capitalem.
1839 2715 1928 2788 Sane

517 2840 613 2938 quod
629 2838 737 2912 nostri
757 2837 954 2930 regnicole,
973 2837 1182 2933 precognitis
1196 2835 1353 2931 undique
1368 2834 1548 2932 stipendiis
1562 2835 1777 2929 meritorum,
1795 2838 1929 2932 majori·

518 2974 625 3040 tatem
640 2984 789 3060 persone
811 2963 848 3035 in
869 2961 1101 3036 meditationis
1127 2959 1255 3033 trutina
1276 2981 1356 3032 cum
1377 2959 1532 3032 criminis
1553 2961 1758 3034 enormitate
1781 2985 1926 3060 suspen·

517 3090 616 3181 dant,
635 3087 816 3184 magnifica
836 3085 1005 3160 beneficia
1025 3085 1091 3160 sibi
1115 3107 1136 3158 a
1163 3095 1282 3158 nostra
1307 3085 1487 3179 majestate
1509 3086 1635 3158 collata
1659 3107 1794 3159 necnon
1819 3089 1927 3185 ipsius

516 3214 731 3290 enormitatis
747 3235 911 3287 excessus
930 3212 977 3285 ad
995 3211 1158 3284 noticiam
1171 3209 1315 3307 perferri
1330 3211 1492 3282 volumus
1505 3211 1733 3303 singulorum.
1749 3212 1855 3286 Porro
1871 3211 1927 3286 hie

515 3350 570 3415 est
593 3341 654 3436 qui
677 3342 721 3414 de
746 3351 838 3412 terra
861 3337 1044 3410 fertilitatis
1055 3333 1105 3434 (d)
1119 3335 1283 3426 eductus,
1307 3333 1516 3408 caducarum
1542 3357 1659 3408 rerum
1681 3337 1857 3432 opulentia
1879 3338 1926 3412 ad

514 3443 637 3542 uotum
658 3474 694 3539 et
707 3466 799 3538 ultra
818 3463 932 3537 extitit
954 3459 1172 3535 fecundatus.
1201 3462 1316 3547 Quare
1336 3459 1564 3534 immoderata
1581 3460 1764 3534 lasciviens
1786 3463 1923 3556 animo,

513 3593 575 3688 qui
594 3593 799 3688 plerumque
822 3588 1002 3662 consuevit
1020 3587 1124 3658 rebus
1148 3585 1325 3658 luxuriare
1348 3584 1522 3676 secundis,
1541 3584 1721 3658 ministerii
1742 3591 1924 3663 occasione

514 3716 652 3792 latentis
672 3715 831 3806 sedulus,
849 3713 894 3786 de
919 3720 1151 3809 preconoepto
1176 3709 1456 3804 transgressionis
1472 3709 1608 3801 fomite,
1625 3711 1745 3783 mortis
1761 3711 1923 3786 haustum

513 3843 545 3916 ei
566 3841 703 3920 studuit
721 3838 920 3936 propinare,
935 3855 973 3920 ,a
991 3856 1063 3929 quo
1082 3835 1270 3906 multorum
1293 3834 1387 3906 salus
1408 3842 1443 3904 et
1461 3833 1679 3906 incolumitas
1702 3847 1921 3931 procuratur,

512 3969 633 4042 volens
650 3987 730 4039 eum
744 3961 945 4051 homicidio,
960 3960 1066 4032 immo
1085 3957 1200 4054 potius
1213 3979 1293 4031 eum
1308 3956 1501 4030 homicidiis
1515 3958 1670 4030 omnium
1683 3959 1820 4033 illorum
1835 3983 1924 4056 quo·

512 4117 589 4168 rum
602 4093 676 4168 vita
693 4088 868 4186 dependet
882 4108 903 4158 a
918 4094 1048 4174 nostra,
1066 4084 1138 4156 lese
1154 4083 1284 4156 crimen
1301 4083 1490 4176 majestatis
1507 4084 1736 4157 committere.
1753 4086 1852 4159 Unde
1866 4109 1922 4159 sa·

510 4218 620 4293 lubria
630 4213 838 4313 provisionis
851 4208 1172 4302 eonsilio‚nequitie
1184 4229 1305 4303 passus
1316 4207 1492 4280 metiendo
1504 4229 1583 4280 eum
1598 4209 1756 4304 passibus
1769 4211 1920 4306 pietatis,

514 4343 611 4438 quod
639 4340 855 4439 proditorum
887 4337 1020 4410 deleret
1044 4333 1216 4428 genimina
1243 4342 1279 4404 et
1304 4333 1495 4404 tactionum
1527 4332 1670 4405 fluvium
1708 4335 1919 4428 desiccaret,

510 4467 624 4542 edixit
640 4489 720 4539 cum
738 4462 881 4538 consilio
900 4481 1083 4556 procerum
1099 4456 1217 4531 divino
1236 4466 1490 4554 programmate
1505 4456 1692 4554 imperialis
1715 4462 1921 4537 excellentie

518 4653 522 4666 ⁶
544 4667 593 4750 tn)
614 4667 650 4728 ln
663 4667 808 4744 impresso
824 4661 858 4723 G.
873 4677 966 4722 rmus.

549 4774 592 4861 (t)
613 4773 731 4839 scillcet
745 4771 781 4832 de
795 4771 936 4849 Capualn
948 4767 1109 4846 compunta
1121 4765 1215 4828 tedes·
1232 4766 1267 4828 lu
1280 4763 1349 4828 eod.
1366 4779 1435 4827 vcro
1452 4771 1514 4826 2⁰2
1524 4765 1632 4846 lcgttnr
1641 4761 1816 4828 sterilitatis.
