4310 5908
513 611 575 674 ’178
1012 611 1228 675 rerontucl
1252 613 1426 676 scottum
1731 617 1813 700 [Ass.
1830 617 1919 682 1250:

514 747 758 845 plicationibus
775 745 847 819 suis
858 767 923 842 por
939 756 1093 820 nostrum
1116 749 1359 822 excellentiam
1381 749 1559 846 provideri
1577 749 1667 848 (ric),
1684 749 1843 826 fidelitati
1863 753 1921 828 tris

516 870 740 968 precipiendo
757 871 963 944 mandamus
978 881 1156 966 qnatenus·
1167 873 1196 944 si
1213 873 1336 963 estita,
1355 872 1551 968 predictum
1564 875 1923 974 monasteriumsupe'r

516 996 624 1092 ipsius
643 995 736 1090 petie
753 1005 845 1068 terre
869 996 1085 1091 possessione
1104 993 1246 1091 pacifica
1263 996 1309 1070 de
1326 1003 1443 1068 cetero
1456 1017 1527 1070 non
1546 997 1693 1092 impetes
1707 1019 1773 1071 noc
1789 1011 1923 1095 pertur-

517 1121 599 1211 bes,
629 1140 672 1192 eo
695 1120 929 1214 nequicquam
958 1120 1118 1204 obstante
1142 1119 1239 1213 quod
1263 1121 1299 1192 in
1324 1120 1481 1216 predicto
1501 1121 1666 1194 mundato
1688 1131 1807 1196 nostro
1830 1122 1922 1196 dica

518 1245 612 1340 petia
631 1255 723 1316 terre
739 1244 842 1316 certis
856 1265 928 1316 non
944 1244 1009 1314 fuit
1026 1241 1154 1315 finibus
1169 1243 1328 1316 limitata.

567 1369 695 1440 Datum
721 1367 757 1439 in
772 1367 921 1461 campis
943 1387 1053 1464 propo
1083 1367 1295 1459 Bisacciam,
1318 1367 1484 1440 vicesimo
1511 1377 1638 1440 octavo
1655 1367 1769 1460 junii,
1799 1377 1922 1442 octavu

518 1489 731 1570 indictionis.

568 1615 668 1688 Unde
690 1614 737 1687 ad
758 1615 910 1686 mtumm
932 1613 1135 1687 memoriam
1149 1623 1184 1685 et
1195 1613 1342 1710 predicti
1355 1613 1556 1686 monasterii
1570 1615 1759 1704 cautelam,
1779 1635 1922 1710 presens

517 1739 685 1835 scriptum
700 1737 878 1833 publicum
891 1737 937 1810 de
949 1735 1113 1832 predictis
1125 1736 1286 1810 omnibns
1300 1734 1376 1808 fieri
1391 1736 1457 1809 ieci
1472 1757 1536 1832 por
1548 1758 1672 1810 manus
1688 1738 1816 1835 prefati
1825 1748 1924 1812 nota

519 1861 581 1954 rii,
597 1861 851 1957 subscriptione
866 1871 984 1932 nostra
999 1870 1036 1933 et
1048 1860 1284 1956 predictorum
1298 1859 1436 1932 testium
1452 1860 1666 1932 roboratum.

566 1987 640 2058 Hoc
656 1985 820 2080 scriptum
837 1983 957 2081 scripsi
974 2005 1039 2078 ego
1061 1983 1234 2057 Iohannes
1249 1984 1409 2080 publicus
1424 1983 1540 2080 Cupue
1554 1985 1711 2058 notarius
1727 1995 1763 2058 et
1783 1985 1925 2058 interfui

519 2117 555 2180 et
572 2129 651 2180 meo
667 2109 767 2201 signo
784 2109 918 2201 signavi
934 2110 1063 2204 anue.

567 2233 641 2324 Ego
656 2231 716 2324 qni
733 2251 837 2326 supra
852 2231 1000 2304 Iacobus
1012 2230 1135 2323 judex.

448 2853 455 2867 ·
532 2891 547 2907 ,,
577 2809 681 2892 Gonu
707 2809 756 2892 de
769 2893 772 2898 Α
786 2808 981 2891 Bercheim
1008 2833 1097 2890 cum
1122 2808 1311 2893 Matthaeo
1342 2808 1439 2892 duce
1464 2807 1730 2918 Lotharingiae
1756 2831 1923 2890 concor-

522 2941 626 3022 diam
652 2939 731 3049 agit
759 2940 807 3022 de
831 2951 955 3032 castro
981 2938 1167 3048 Estuphin
1199 2939 1360 3050 aliisque
1385 2939 1601 3022 feudalibus
1630 2938 1767 3046 rebus,
1793 2961 1926 3020 reser-

522 3082 610 3155 vato
641 3073 746 3181 quod
780 3071 916 3180 poterit
948 3071 1081 3181 jurare
1114 3073 1315 3155 dominum
1337 3095 1452 3154 suum
1474 3070 1715 3154 Fredericum
1751 3069 1925 3177 impera-

524 3215 666 3307 torem,
691 3229 821 3314 regem
849 3205 1068 3287 Conrndum
1093 3203 1219 3288 filium
1248 3203 1354 3314 ejus,
1394 3205 1573 3288 comitem
1608 3201 1851 3311 Rudolphum
1878 3201 1926 3284 de

523 3336 752 3447 Habebourg
771 3347 810 3420 et
825 3337 992 3420 Ulrioum
1006 3336 1204 3420 dominum
1224 3338 1273 3420 de
1289 3335 1548 3446 Rappolsteiu.

606 3553 707 3632 (Edid.
723 3553 923 3630 sosoma,
935 3505 1032 3616 Aisat.
1046 3549 1212 3633 diplomat,
1227 3559 1251 3614 t.
1266 3552 1290 3622 1,
1300 3569 1332 3630 p.
1347 3560 1417 3630 sou,
1428 3562 1461 3612 n⁰
1474 3549 1642 3626 mxxxix,
1650 3565 1688 3609 ex
1699 3547 1847 3608 tabulario
1855 3546 1924 3607 dno.

645 3659 764 3721 Lothar.
779 3659 923 3738 Naucsit.)

572 3852 645 3942 Ego
661 3851 754 3922 Gonu
773 3848 817 3921 do
830 3847 1008 3921 Bercheim
1027 3857 1149 3919 notum
1163 3847 1252 3920 facio
1266 3846 1438 3919 universis
1451 3855 1630 3941 presentes
1644 3844 1778 3916 litteras
1790 3841 1925 3936 inspee-

524 3976 611 4050 tnris
633 3974 728 4068 quod
748 3972 888 4044 illustris
904 3971 957 4042 vir
972 3972 1133 4045 dominus
1149 3993 1246 4044 meus
1261 3971 1434 4044 Mattheus
1450 3971 1526 4043 dux
1539 3967 1758 4060 lotharingie
1778 3975 1814 4038 et
1832 3987 1924 4038 mur·

524 4099 603 4172 chio
619 4119 741 4194 pacem
759 4097 839 4169 iecit
854 4117 989 4167 mecum
1009 4105 1044 4166 et
1063 4116 1144 4166 cum
1168 4093 1239 4167 filio
1255 4115 1333 4166 meo
1350 4093 1523 4166 Ludovico
1545 4092 1590 4166 de
1609 4092 1704 4164 omni
1727 4089 1872 4184 quercla
1892 4099 1927 4162 et

525 4209 669 4297 rancore
686 4244 774 4315 quos
792 4221 943 4293 habebat
960 4240 1044 4312 erga
1056 4241 1145 4291 nos:
1164 4219 1224 4291 tali
1240 4219 1344 4292 modo
1360 4217 1455 4312 quod
1471 4238 1536 4309 ego
1548 4215 1787 4290 devenihomo
1797 4221 1926 4286 suuset

524 4351 599 4445 ipse
613 4333 698 4419 mihi
711 4345 857 4418 contulit
867 4345 903 4414 in
915 4341 1019 4416 feudo
1034 4352 1069 4414 et
1084 4343 1243 4436 homagio
1258 4352 1294 4414 et
1308 4341 1401 4414 dicto
1414 4339 1590 4413 Ludovico
1602 4337 1673 4412 iiiio
1687 4358 1765 4410 meo
1778 4338 1836 4410 rel
1850 4337 1926 4410 aliis

525 4473 605 4546 filiis
624 4472 751 4544 nostris
770 4487 858 4563 quos
879 4468 1085 4540 haberemus
1102 4467 1147 4540 de
1172 4467 1326 4560 legitimo
1340 4465 1573 4556 matrimonio,
1589 4474 1738 4537 castnrm
1756 4461 1926 4557 Estuphiir

525 4595 782 4677 oum'omnihus
796 4593 1003 4690 appenditiis
1017 4593 1173 4685 ejusdcm
1187 4585 1309 4682 castri,
1333 4589 1463 4663 scilicet
1484 4585 1928 4683 sanatumffippotitnmot

443 4806 452 4818 ,
526 4718 750 4808 Anescheim3
766 4718 834 4791 hoo
849 4717 945 4790 salvo
958 4717 987 4789 si
1001 4715 1216 4808 contingeret
1229 4715 1324 4810 quod
1338 4735 1426 4810 puer
1436 4711 1927 4808 qnidtciturflonnonscomes
