4310 5908
522 629 583 696 '1³6
1021 635 1235 703 Flllllsslllcl
1259 633 1435 700 securint
1738 631 1821 713 [tn.
1838 631 1929 700 lm.

523 775 596 837 tum
617 766 662 839 de
679 769 836 864 partibus
856 773 1063 846 Lombardie
1084 772 1241 845 invenire
1259 783 1296 842 et
1314 770 1442 862 eligere
1457 767 1600 840 studeas
1616 776 1652 839 et
1669 767 1819 840 electum
1836 769 1928 862 regi·

520 885 606 956 mini
629 885 778 960 civitatis
806 888 915 985 ipsius
939 889 1099 993 proficias
1124 901 1160 964 et
1188 891 1381 988 prefectum
1401 889 1476 960 sine
1500 907 1599 960 mora
1619 881 1849 979 transmittas,
1879 887 1929 962 ita

521 1008 617 1102 quud
645 1011 721 1084 ΧΨ
751 1013 830 1104 julii
861 1014 974 1108 primo
1004 1015 1111 1087 futuri
1141 1013 1308 1086 interesse
1337 1011 1447 1108 possit
1484 1011 1532 1084 ad
1565 1010 1800 1084 exercendum
1834 1011 1928 1102 regi·

519 1153 601 1204 men
622 1133 771 1208 cidtatis
793 1136 964 1228 ejusdem.
988 1138 1119 1214 Verum
1136 1137 1219 1236 quia
1235 1145 1380 1234 prepter
1403 1134 1610 1208 brevitatem
1630 1135 1795 1230 temporis
1811 1143 1928 1232 posset

520 1257 643 1334 nerito
663 1257 814 1332 dubitari
827 1261 923 1356 quod
936 1271 1091 1362 potestas
1103 1284 1168 1362 per
1189 1271 1223 1336 te
1239 1259 1424 1332 statuenda
1444 1258 1491 1331 ad
1504 1257 1652 1330 eandem
1668 1259 1842 1330 civitatem
1854 1279 1926 1330 non

520 1389 639 1480 posset
655 1381 691 1453 iu
705 1381 862 1476 predicto
877 1386 1026 1460 termino
1042 1407 1080 1458 se
1096 1385 1269 1477 conferre,
1288 1393 1323 1456 et
1338 1383 1484 1478 proinde
1497 1392 1568 1454 tam
1584 1381 1735 1456 incensa
1751 1380 1927 1478 regiminis

518 1501 667 1576 civitatis
688 1503 845 1595 ejusdem
864 1528 970 1604 quam
991 1508 1029 1580 in
1053 1508 1181 1582 nostris
1195 1505 1350 1580 serviciis
1372 1503 1560 1578 haberetur
1572 1505 1748 1598 delectus,
1769 1506 1927 1580 volentes

518 1624 643 1701 futuris
661 1627 823 1722 periculis
842 1629 999 1723 obviare,
1018 1630 1185 1706 Riecarde
1200 1629 1319 1705 comiti
1338 1628 1506 1702 Theatino
1522 1629 1611 1701 sacri
1628 1629 1764 1725 imperii
1784 1628 1821 1700 in
1832 1629 1925 1702 lllar·

518 1747 597 1824 cbia
607 1749 789 1846 capitaneo
802 1751 930 1828 dilecto
944 1751 1015 1826 filio
1028 1750 1082 1855 (a)
1094 1763 1213 1832 nostro
1230 1775 1294 1852 per
1306 1762 1443 1824 nostras
1460 1751 1621 1824 dedimus
1633 1753 1765 1824 litteras
1777 1751 1813 1823 in
1828 1773 1925 1824 man·

518 1873 609 1948 datis
623 1874 762 1970 quodsi
776 1885 906 1951 statuto
923 1877 1239 1974 terminopotestas
1255 1887 1369 1976 perte
1387 1877 1572 1950 statuenda
1592 1898 1664 1950 non
1681 1877 1861 1948 interesset
1878 1877 1926 1950 ad

518 1997 754 2073 exercendum
775 2000 932 2093 ejusdem
950 2001 1106 2094 regimen
1122 2002 1290 2094 civitatis,
1313 2001 1407 2074 idem
1422 2023 1539 2074 eomes
1554 2001 1706 2098 aliquem
1719 2001 1868 2097 probum
1889 2011 1926 2074 et

519 2119 658 2200 fidelem
670 2123 786 2196 virum
802 2125 847 2197 de
869 2123 935 2198 biis
957 2125 1066 2218 quiin
1081 2126 1254 2200 suacuria
1266 2135 1546 2216 commorantur,
1568 2123 1752 2218 diligenter
1767 2125 1872 2218 eligat
1889 2135 1926 2198 et

518 2245 668 2317 electum
678 2244 833 2341 preficiat
846 2248 1007 2339 regimini
1020 2248 1169 2322 civitatis
1183 2249 1350 2344 predicte.
1365 2250 1511 2344 Oportet
1518 2269 1602 2341 ergo
1615 2258 1710 2320 tuam
1721 2247 1924 2320 industriam

520 2371 624 2442 talem
638 2371 916 2468 superpremissa
927 2392 1047 2446 curam
1062 2382 1097 2446 et
1103 2373 1318 2466 diligentiam
1328 2371 1495 2444 adbibere
1507 2381 1548 2443 ut
1560 2392 1629 2466 que
1639 2370 1701 2443 tibi
1716 2371 1925 2470 precipimus

518 2501 555 2564 et
568 2493 734 2588 expedire
748 2495 940 2587 cognoscis,
953 2496 989 2567 in
1002 2495 1138 2590 prefixo
1153 2497 1300 2569 termino
1311 2495 1416 2568 finem
1433 2496 1590 2568 debitum
1606 2496 1808 2587 sortiantur,
1825 2497 1924 2588 cujus

516 2615 653 2710 negocii
667 2618 959 2712 complementum
984 2619 1013 2690 si
1034 2619 1163 2692 videris
1175 2620 1271 2714 quod
1290 2619 1455 2714 temporis
1474 2619 1626 2691 brevitas
1648 2619 1857 2712 denegabit,
1877 2639 1922 2692 cx

517 2748 601 2812 tunc
615 2741 678 2813 tibi
695 2741 993 2837 supersedendum
1017 2743 1171 2814 fueritin
1192 2743 1380 2837 premissis,
1398 2744 1579 2814 Deiectum
1599 2743 1693 2814 enim
1717 2742 1779 2838 qui
1796 2743 1923 2838 inipso

516 2863 657 2956 uegeto
672 2865 783 2964 possit
797 2865 998 2962 contingere
1012 2875 1048 2942 et
1062 2865 1230 2940 dismnoia
1243 2868 1401 2940 locorum
1421 2875 1457 2938 et
1473 2865 1637 2962 temporis
1654 2865 1837 2958 brevitate,
1860 2886 1923 2960 per

517 2985 680 3062 eumdem
704 2987 865 3062 comitem
891 2989 948 3062 cui
975 2989 1036 3066 dat
1064 2989 1326 3085 possibilitatem
1350 2989 1577 3090 proximitas,
1607 2986 1774 3064 serenitas
1804 2999 1922 3062 nostra

517 3106 685 3203 providit,
702 3121 770 3182 etc.
787 3107 877 3206 (sic).

1406 3433 1717 3450 m

340 3705 455 3818 Ἣ·
566 3689 808 3780 Innocentius
823 3717 923 3802 papa
941 3692 1103 3778 Henrioo
1121 3693 1322 3805 Frajapani
1343 3694 1491 3780 fruetus
1513 3706 1553 3780 et
1573 3697 1743 3782 redditur
1760 3697 1916 3808 judiea-

512 3831 575 3912 tun
599 3821 816 3932 Arboreae,
844 3835 999 3933 excepte
1024 3851 1141 3912 censu
1169 3826 1364 3912 Romanae
1387 3825 1576 3916 Eutime
1605 3827 1754 3935 debito,
1790 3830 1918 3940 quoad

511 3952 645 4039 dxcrit
660 3956 920 4066 percipiendos
937 3957 1122 4041 uonoedit.

591 4193 837 4282 (tannem,
847 4197 927 4264 Kaio.
939 4197 1052 4264 mod.
1063 4199 1104 4278 11,
1116 4198 1257 4280 append,
1267 4206 1302 4262 ιι·
1312 4199 1467 4280 ⁴⁰,ecnd.
1478 4199 1916 4284 nul.1³aur.,⁴oaa.n·ttu.)

558 4411 804 4502 Innocentius,
832 4423 924 4503 etc,
951 4413 1062 4502 nobili
1081 4413 1157 4487 viro
1181 4413 1329 4486 Henrieo
1350 4413 1551 4508 FraJ'apani,
1570 4421 1638 4488 eto.
1661 4413 1760 4487 Clara
1777 4411 1917 4487 devotio

510 4541 677 4626 utsupra,
687 4555 723 4630 p.
736 4530 824 4626 tat,
836 4535 1175 4630 mpueodditamnt.
1187 4537 1276 4609 Hinc
1286 4537 1444 4631 estquod
1454 4558 1519 4611 nos
1529 4537 1769 4612 tuinobilitate
1780 4535 1917 4632 generis

551 4729 593 4810 (a)
615 4729 652 4792 u
665 4731 1056 4814 consectatum
