4306 5914
235 671 337 736 nne.
353 671 400 753 a]
682 670 880 734 arsroam
903 669 1198 734 ursanusrrca.
1580 649 1642 742 vu

237 809 330 881 liaris
346 808 455 882 nostri
468 805 567 901 regni
581 807 752 903 pomerio,
763 807 859 903 quod
872 817 1030 879 materna
1044 807 1145 880 nobis
1161 806 1316 880 decrevit
1331 807 1518 905 hereditas,
1528 815 1646 911 spinas

237 931 421 1005 interserat
437 943 473 1004 et
487 941 685 1004 nostrorum
701 931 806 1004 corda
826 929 997 1022 fidelium,
1016 951 1085 1026 que
1101 929 1250 1004 fidelitas
1265 933 1383 1006 nativa
1398 937 1607 1032 consolidat,
1624 959 1647 1012 a

237 1065 355 1128 nostra
377 1055 564 1129 devotione
585 1055 784 1146 subvertat,
802 1076 867 1150 pro
889 1053 1163 1127 bombardorum
1184 1057 1331 1150 negocio
1350 1060 1449 1152 cujus
1468 1061 1648 1136 occasione
1751 1127 1768 1154 „

237 1180 332 1276 pacis
347 1180 508 1252 tractatui
523 1201 662 1275 semper
674 1178 922 1275 impedimenta
932 1189 1172 1275 paraverat,et
1184 1179 1220 1251 in
1234 1202 1304 1275 quo
1321 1183 1422 1254 toties
1433 1185 1650 1259 voluntatem

238 1306 313 1398 ejus
329 1303 527 1376 invenimus
543 1303 740 1394 duriorem,
759 1302 895 1395 quoties
910 1303 1099 1375 voluntatis
1117 1303 1163 1375 ad
1179 1325 1301 1400 pacem
1321 1305 1421 1399 signa
1440 1307 1648 1384 monstravi·

237 1451 315 1502 mus
329 1427 615 1526 promptiora(l).
633 1429 753 1524 Nuper
768 1438 885 1500 autem
902 1427 939 1498 iu
953 1448 1098 1520 regnum
1112 1427 1225 1523 ipsum
1241 1451 1306 1524 per
1318 1429 1441 1502 tratres
1454 1419 1648 1526 predicato·

238 1573 292 1626 res
310 1562 347 1626 et
366 1553 530 1644 minores,
550 1573 638 1649 quos
653 1551 698 1624 ad
714 1552 882 1625 honorem
904 1551 1012 1625 divini
1034 1551 1184 1624 nominis
1201 1553 1354 1648 benigno
1377 1575 1514 1651 semper
1531 1558 1650 1632 favore

237 1678 467 1773 proteximus,
487 1698 576 1772 quos
591 1697 729 1773 semper
743 1675 942 1748 curavimus
957 1675 1146 1771 ampliare,
1164 1697 1312 1770 quorum
1329 1677 1432 1750 etiam
1450 1677 1650 1754 insolentias

236 1799 422 1893 hacteuus,
437 1801 519 1873 licet
533 1799 634 1873 iuviti
650 1800 849 1888 tulerimus,
867 1811 983 1872 amen
1000 1799 1191 1894 aliqnando
1207 1800 1272 1872 sub
1293 1801 1458 1896 patientie
1478 1804 1559 1876 velo
1575 1813 1649 1876 stu·

237 1925 376 1998 duimns
388 1926 570 2021 preterire,
586 1926 703 1997 literas
719 1923 912 2021 improvide
931 1923 1048 2018 dirigit
1063 1933 1099 1995 et
1113 1925 1267 1996 occultas
1282 1925 1520 2017 suggestiones
1535 1927 1651 2000 iunco

238 2049 279 2120 tit
294 2075 305 2120 ε
321 2050 448 2142 quihus
463 2048 832 2122 excommunicationis
849 2058 885 2121 et
897 2047 1072 2121 interdicti
1086 2048 1290 2140 sententias,
1303 2057 1423 2121 contra
1437 2069 1501 2122 nos
1515 2049 1649 2123 dudum

238 2171 433 2269 improvide
459 2173 721 2264 tulminatas,a
746 2171 907 2244 fidelibus
929 2172 1057 2244 uostris
1080 2172 1263 2264 regnicolis
1284 2173 1350 2244 sub
1371 2173 1648 2246 interminatione

238 2295 346 2370 divini
358 2297 480 2391 judicii
501 2297 605 2370 iaciat
627 2297 816 2370 observari.
835 2295 942 2369 Aliud
957 2297 1060 2369 etiam
1077 2296 1173 2390 quod
1188 2307 1388 2393 reputamus
1404 2298 1567 2392 amarius,
1585 2317 1648 2371 sue

238 2422 364 2493 mentis
379 2417 645 2495 amaritudinem
660 2429 782 2494 contra
794 2441 859 2494 uos
872 2421 1068 2516 protervius
1082 2429 1253 2514 eructuat,
1268 2421 1352 2494 dum
1369 2423 1535 2496 translato
1549 2422 1649 2516 quasi
1759 2482 1765 2495 .

238 2544 374 2617 vivifice
391 2546 503 2618 crucis
521 2545 686 2642 mysterio
699 2546 744 2619 ds
760 2545 916 2640 partibus
933 2544 1169 2617 transmarinis
1185 2545 1221 2616 in
1237 2564 1397 2639 regnum,
1410 2556 1576 2640 tanquam
1590 2546 1650 2620 its·

238 2689 314 2740 rum
326 2669 362 2740 in
375 2668 501 2765 Apulia
517 2667 704 2742 crucifixus
716 2669 761 2741 sit
771 2668 936 2760 Christus,
948 2667 1068 2742 fideles
1080 2668 1293 2741 christicolas
1305 2668 1349 2741 de
1361 2690 1509 2764 qnorum
1523 2669 1648 2742 festino

238 2792 406 2883 subsidio,
416 2793 445 2865 si
460 2792 584 2866 Christi
599 2792 705 2866 fidem
720 2794 972 2885 evangelizaret
985 2793 1021 2864 iu
1037 2793 1200 2884 terris,ut
1213 2793 1400 2884 credimus,
1410 2795 1514 2866 Terre
1529 2802 1647 2866 sancte

236 2917 432 2989 necessitati
449 2916 619 2990 debuerat
631 2917 835 3013 providisse,
851 2939 946 2990 nuuc
961 2925 1125 3012 parentes
1142 2925 1256 2990 armat
1271 2917 1307 2989 in
1322 2915 1477 3010 lilios,'et
1489 2916 1536 2990 ad
1549 2916 1649 3012 regni

237 3038 509 3113 christianissimi
538 3041 649 3135 spolia
676 3041 905 3134 crucesignat.
929 3039 999 3113 Sed
1019 3039 1085 3112 hec
1110 3041 1266 3136 protecto
1288 3062 1358 3133 quo
1380 3039 1550 3128 diximus,
1576 3059 1648 3114 non

237 3165 347 3259 magis
363 3165 508 3239 exodio
524 3187 595 3260 quo
610 3186 675 3238 nos
688 3165 883 3262 specialiter
899 3174 935 3238 et
950 3164 1076 3256 injuste
1093 3164 1312 3260 persequitur
1325 3185 1432 3260 quam
1449 3186 1496 3236 ex
1509 3164 1646 3256 innato,

237 3290 267 3363 si
281 3289 351 3363 dici
367 3290 483 3382 liceat,
502 3291 567 3362 sibi
584 3291 692 3364 livore
709 3289 863 3384 nequitie
878 3289 1087 3385 processisse
1103 3309 1304 3384 pensamus,
1321 3297 1362 3360 ut
1378 3288 1439 3383 qui
1455 3286 1648 3361 dilectionis

236 3435 324 3508 pure
348 3415 594 3506 constantiam,
617 3436 688 3509 qua
709 3436 773 3487 vos
792 3414 977 3486 affectuose
1000 3412 1260 3508 amplectimur,
1284 3411 1498 3486 directenon
1512 3422 1650 3508 poterat

236 3536 359 3632 spiritu
375 3537 599 3611 detractionis
609 3539 790 3634 impetere,
810 3538 1043 3610 calumniosus
1056 3539 1179 3610 saltem
1195 3537 1352 3610 inliceret
1372 3558 1437 3634 per
1453 3538 1644 3634 obliquum.

237 3659 324 3732 Dum
339 3662 446 3752 enim,
458 3673 539 3735 aute
553 3671 707 3757 coeptum
723 3671 838 3734 vestre
855 3661 1141 3757 peregrinationis
1157 3683 1370 3754 aggressum,
1386 3683 1451 3757 pro
1464 3661 1648 3757 desperato

239 3782 496 3876 quodammodo
507 3785 602 3881 pacis
616 3786 775 3879 negocio,
786 3787 881 3880 quod
897 3807 960 3858 vos
975 3796 1058 3859 tuus
1071 3787 1235 3882 temporis
1248 3807 1424 3859 resumere
1437 3784 1646 3878 delectabat,

239 3909 281 3980 ad
295 3908 555 4003 requisitionem
569 3912 905 4000 vestram,solennes
918 3909 964 3981 ad
977 3930 1041 3981 vos
1054 3909 1260 3981 excellentie
1274 3919 1390 3980 nostre
1404 3909 1536 4002 legatos
1552 3910 1648 4005 apud

238 4032 442 4124 Lugdunum
461 4043 579 4106 nostra
595 4034 763 4106 serenitas
776 4035 997 4124 destinasset,
1016 4053 1215 4126 quanquam
1232 4055 1296 4104 uos
1310 4031 1453 4104 forsitan
1468 4033 1648 4128 preterito*

238 4175 313 4226 rum
331 4156 573 4251 experimento
589 4157 779 4252 perterriti,
801 4156 845 4230 ds
861 4158 957 4252 pacis
973 4156 1131 4228 dubitare
1150 4156 1295 4248 negocio
1315 4176 1535 4249 cogeremur;
1553 4155 1648 4229 idem

237 4278 471 4351 sanctissimus
488 4289 588 4375 pater
606 4289 726 4352 noster
745 4290 951 4375 conceptum
971 4280 1084 4351 noluit
1101 4280 1201 4352 vobis
1216 4279 1302 4351 citra
1317 4301 1412 4352 mare
1428 4279 1647 4374 presentibus

236 4401 331 4474 virus
349 4425 529 4497 evomere,
547 4403 611 4478 sed
632 4413 770 4498 tempus
789 4415 904 4478 vestre
922 4405 1074 4500 captavit
1089 4404 1264 4494 absentie,
1281 4413 1321 4476 ut
1342 4414 1412 4476 tam
1432 4405 1647 4477 inconsultus

237 4545 340 4620 quam
356 4502 492 4600 subitus
506 4537 622 4600 motus
637 4529 714 4621 ejus
725 4529 826 4602 vobis
841 4529 981 4601 infamis
994 4538 1112 4601 noem
1124 4527 1344 4623 impingeret,
1362 4540 1397 4601 et
1411 4529 1568 4602 {actionis
1580 4527 1648 4602 hu-

274 4799 310 4872 (t)
328 4799 370 4857 ut.
385 4816 467 4874 supra
478 4802 616 4876 epistolam
630 4801 692 4878 regi·
701 4802 811 4877 huglias
825 4805 964 4876 directam
980 4821 1007 4878 p.
1022 4805 1085 4862 stt.
