4306 5914
531 621 593 686 668
1031 623 1246 688 retabula!
1269 623 1444 690 secedet
1746 624 1830 705 [dn.
1848 625 1937 696 tate.

531 759 613 832 dam
629 757 818 856 imperialis
831 758 1003 854 capitanei
1017 759 1054 831 in
1069 760 1230 855 Theseia,
1250 771 1286 834 et
1300 779 1395 848 nunc
1410 759 1546 855 imperii
1562 757 1763 854 proditoris,
1780 761 1942 857 recepisti

530 883 769 970 attestationes
779 904 884 980 super
899 884 1039 978 negotio
1054 885 1198 959 mercati
1214 886 1325 982 plebis
1340 883 1385 960 de
1399 885 1523 960 Amole
1538 894 1574 958 ct
1589 884 1681 980 ipsas
1694 885 1853 960 detinens
1869 907 1941 959 nen

531 1009 687 1104 publicas
700 1007 841 1082 easdem
857 1009 989 1103 absque
1006 1020 1124 1083 nostro
1138 1011 1303 1084 mandato
1314 1011 1469 1106 speciali,
1479 1009 1515 1082 in
1528 1009 1582 1082 eui
1593 1019 1628 1082 et
1641 1009 1725 1083 dicti
1740 1010 1942 1086 monasterii

529 1132 759 1230 prejudicium
772 1142 807 1207 el
818 1133 1002 1228 jacturam.
1016 1135 1129 1230 Super
1144 1157 1214 1228 quo
1229 1157 1310 1208 curn
1322 1134 1461 1232 petierit
1482 1133 1547 1218 eibi
1564 1133 1755 1206 seeundum
1767 1133 1941 1226 Juslitiam

529 1256 718 1354 provideri,
734 1258 941 1332 mandamus
958 1258 1020 1332 tibi
1033 1259 1236 1336 auctoritate
1252 1260 1504 1355 imperialique
1518 1257 1694 1351 fungimur
1708 1267 1896 1351 quatenus,
1910 1259 1940 1330 si

529 1405 615 1457 vera
630 1392 712 1457 sunt
724 1403 792 1492 que
807 1384 981 1481 pmpesita
998 1393 1080 1457 sunt
1095 1384 1132 1456 in
1148 1394 1267 1458 nostra
1279 1385 1377 1458 curia
1390 1405 1453 1480 per
1465 1383 1597 1456 dictum
1611 1383 1788 1475 abbatem,
1806 1384 1939 1456 vocatis

529 1509 686 1606 partibus
707 1529 823 1580 ceram
845 1517 892 1599 te,
915 1508 1007 1604 ipsas
1034 1509 1271 1582 attestationes
1296 1509 1425 1581 debeas
1451 1507 1628 1604 publicare
1648 1517 1684 1580 et
1704 1508 1793 1603 parti
1808 1508 1938 1582 volenti

529 1633 664 1730 copiam
679 1633 938 1706 attestationum
953 1635 1106 1729 ipsarum
1123 1633 1252 1706 debeas
1267 1634 1417 1727 elargiri.
1431 1634 1557 1706 Datum
1572 1631 1795 1725 Podiibouizi,
1811 1633 1935 1730 penul·

531 1758 614 1832 timo
627 1759 841 1849 novembris,
859 1757 1004 1854 septime
1018 1757 1219 1831 indictione.

576 1884 680 1977 Cujus
698 1883 870 1959 mandatis
886 1903 951 1976 ego
966 1882 1125 1955 Matheus
1140 1882 1296 1955 notarius
1311 1883 1432 1955 volens
1445 1903 1509 1977 per
1527 1881 1643 1954 omnia
1658 1880 1839 1972 obhedire,
1854 1902 1933 1976 pra·

528 2009 656 2082 dietam
678 2007 935 2104 inquisitionem
959 2008 1168 2082 subnotato
1192 2007 1297 2081 modo
1319 2008 1469 2082 scribere
1490 2007 1686 2103 procuravi.
1710 2005 1812 2097 Cujus
1836 2015 1935 2079 tenor

530 2135 606 2207 talis
632 2143 696 2208 est.
717 2130 895 2234 [Sequitur
909 2143 1009 2206 lenm
1021 2132 1176 2206 mandati
1189 2131 1347 2207 Pandulfi
1361 2133 1406 2206 de
1417 2132 1594 2206 Fasanella
1609 2152 1689 2204 cum
1704 2129 1935 2225 inquisitionis

527 2261 638 2334 torma
654 2269 690 2332 et
700 2259 896 2358 juratorum
911 2257 1203 2354 depositionibus;
1219 2243 1258 2330 et
1273 2255 1355 2331 inde
1375 2254 1400 2357 z]

574 2386 648 2477 Ego
668 2383 827 2458 Matbeus
847 2382 1001 2456 roudus
1021 2383 1196 2479 predictos
1214 2381 1373 2455 homines
1387 2381 1506 2474 jurare
1530 2379 1596 2453 leci
1615 2379 1731 2453 dicere
1750 2380 1934 2454 veritatem

398 2539 401 2550 ·
527 2531 633 2605 super
641 2508 832 2606 predictam
846 2507 1117 2600 inquisitionem,
1136 2515 1173 2580 et
1185 2528 1245 2580 eos
1260 2506 1445 2599 diligenter
1459 2504 1657 2578 examinavi
1670 2513 1706 2578 et
1719 2503 1882 2600 inquisivi
1897 2515 1935 2580 et

466 2719 469 2728 ¹
527 2635 680 2732 ipsorum
696 2631 788 2706 dieta
804 2629 953 2706 fideliter
966 2632 1087 2728 scripsi
1105 2642 1141 2705 et
1156 2631 1284 2704 dietam
1306 2629 1562 2726 inquisitionem
1578 2630 1644 2702 leci
1659 2629 1755 2726 apud
1769 2628 1931 2704 Arcidos·

526 2780 603 2830 sum
619 2768 655 2830 et
670 2757 808 2853 plebem
829 2756 875 2830 do
889 2756 1012 2829 Amole
1033 2778 1097 2852 per
1115 2755 1274 2828 homines
1290 2753 1605 2850 suprascriptos-de
1626 2753 1790 2826 mandato
1807 2775 1930 2850 supra·

525 2882 790 2979 dieticapitanei
802 2881 926 2954 diebus
939 2881 1097 2978 superius
1110 2879 1598 2972 nominatis,inannoDomini
1612 2867 1935 2974 millesimodncenf

527 3008 648 3082 tcsimo
664 3005 929 3102 quadragesimo
945 3005 1142 3103 quarto(l),
1154 3005 1294 3082 domino
1304 3005 1476 3078 Friderico
1487 3005 1516 3077 ll
1528 3005 1733 3101 imperante,
1743 3003 1930 3077 indictione

525 3132 692 3224 secunda,
709 3132 801 3204 etde
815 3129 980 3203 mandato
994 3130 1301 3204 dominiFriderici
1315 3130 1360 3203 de
1374 3129 1554 3203 Antiochia
1569 3129 1700 3203 domini
1713 3128 1931 3225 imperatoris

527 3259 601 3351 lilii,
619 3258 706 3331 sacri
721 3257 857 3351 imperii
874 3256 910 3328 in
924 3256 1045 3330 Tuscia
1061 3255 1180 3329 vicarii
1203 3257 1388 3350 generalis,
1423 3256 1552 3329 dictam
1581 3255 1839 3351 inquisitionem
1867 3278 1929 3328 seu

523 3384 617 3458 dicta
637 3383 808 3456 dictorum
831 3381 970 3454 testium
992 3379 1112 3476 aperui
1134 3390 1170 3453 et
1190 3381 1363 3476 publicavi
1388 3380 1453 3453 sub
1475 3402 1568 3453 anno
1586 3379 1725 3454 Domini
1746 3379 1928 3454 millesimo

524 3507 761 3582 ducentesimo
774 3505 1040 3601 quadragesimo
1055 3528 1162 3594 nono,
1180 3505 1320 3580 domino
1336 3505 1507 3579 Friderico
1524 3505 1554 3579 ll
1570 3505 1761 3602 imperante
1772 3559 1783 3598 ,
1793 3505 1849 3579 die
1865 3527 1927 3578 ve-

523 3631 616 3705 neris
638 3632 758 3726 quinta
780 3631 906 3720 martii,
927 3631 1074 3726 septima
1098 3629 1299 3720 indictione,
1317 3630 1353 3702 iu
1373 3631 1499 3702 Sancto
1519 3629 1658 3716 Quirico
1682 3641 1763 3703 ante
1784 3625 1940 3704 domum

523 3757 593 3831 mei
614 3757 802 3854 supradicti
819 3753 947 3830 Mathei
967 3777 1085 3828 coram
1104 3755 1258 3829 Pennato
1275 3765 1310 3829 el
1324 3755 1537 3829 Bernardino
1560 3757 1695 3831 notario
1717 3767 1752 3830 et
1773 3758 1927 3831 Orlando

524 3881 664 3956 domine
676 3879 872 3954 Gualdrade
888 3879 932 3952 de
950 3879 1076 3952 Sancto
1097 3879 1251 3972 Quirico,
1269 3880 1413 3952 testibus
1429 3881 1644 3975 presentibus
1658 3891 1694 3953 et
1708 3880 1852 3972 vocatis,
1868 3905 1925 3955 re·

522 4005 657 4100 quisitis
674 4004 770 4099 prius
789 4003 986 4076 hominibus
1004 4014 1040 4075 et
1059 4003 1197 4075 comuni
1222 4004 1266 4077 de
1290 4003 1475 4077 Arcidosso
1491 4004 1594 4098 juxta
1619 4006 1821 4079 mandatum
1840 4006 1925 4078 mihi

522 4131 651 4204 lactum
662 4127 830 4201 adomino
845 4125 1020 4200 Friderico
1033 4128 1232 4225 supradicto
1247 4128 1377 4202 domini
1389 4128 1605 4228 imperatoris
1617 4127 1702 4224 lilio,
1717 4131 1805 4204 sacri
1817 4131 1924 4228 impe-

522 4253 564 4327 rii
579 4255 614 4327 in
630 4253 777 4327 Thuseia
788 4251 918 4327 vicario
932 4253 1099 4346 generali.

556 4531 593 4610 (l)
612 4529 675 4592 llid.
687 4545 779 4608 supra,
793 4537 823 4611 p'.
837 4532 898 4606 tet,
914 4533 976 4592 ⁴55.
