4310 5908
517 599 578 664 reo
1017 595 1231 664 carnanter
1255 597 1430 662 sacuam
1733 597 1818 678 [nn.
1835 597 1922 664 taso.

518 729 684 819 Scalioni
702 730 751 814 de
768 727 912 838 Foggia
930 729 1081 812 statutis
1100 757 1214 840 super
1238 730 1410 816 custodia
1432 727 1569 838 TroJ'ae
1593 729 1750 815 mandat
1776 741 1821 814 ut
1841 741 1926 840 post

518 864 802 976 inquisitionem
831 861 970 943 laetam
996 863 1223 970 prohibeant
1252 890 1302 947 ne
1330 862 1604 946 monasterium
1631 861 1855 947 Casainense
1884 864 1924 947 in

518 996 683 1080 ecclesiis
710 1007 748 1078 et
776 993 1082 1104 possessionibus
1107 1022 1205 1105 quas
1238 995 1354 1079 babet
1379 996 1481 1105 apud
1509 993 1662 1105 Trojam
1688 996 1922 1104 molestetur,

519 1129 571 1212 ita
590 1139 717 1212 mmen
736 1129 841 1238 quod
860 1127 1052 1236 superbis
1073 1127 1323 1236 procurandis
1350 1128 1500 1211 nullum
1525 1129 1690 1212 incolam
1708 1128 1767 1213 vel
1785 1130 1925 1214 oriun-

519 1263 614 1345 dum
631 1263 680 1345 de
698 1259 812 1369 Troja
829 1285 1025 1343 remanere
1042 1261 1183 1344 ibidem
1202 1262 1437 1372 permittant.

601 1475 717 1558 (Edidit
729 1475 884 1552 Gauron,
898 1476 1010 1538 flator.
1020 1475 1119 1540 ablat.
1137 1478 1264 1554 carta,
1276 1493 1346 1558 pars
1358 1479 1385 1557 1,
1399 1473 1559 1558 suppleat,
1572 1493 1605 1556 p.
1621 1475 1706 1556 280.)

570 1667 609 1740 ln
633 1665 774 1738 nomine
793 1665 929 1737 Domini
956 1665 1067 1737 nostri
1091 1665 1196 1739 Jhasu
1221 1665 1356 1738 Christi.
1381 1663 1484 1738 Anno
1504 1664 1749 1738 incarnationis
1773 1663 1928 1758 ejusdam

522 1791 704 1863 millesimo
733 1789 973 1862 ducentesimo
1000 1790 1313 1885 quinquagesimo,
1340 1791 1533 1886 imperante
1553 1811 1638 1862 vero
1654 1787 1796 1862 domino
1810 1797 1928 1861 nostro

522 1914 664 1988 domino
679 1914 845 1987 Federico
862 1914 924 1985 Dei
940 1914 1052 2006 gratia
1071 1914 1297 1987 invictissimo
1312 1915 1547 1988 Romanorum
1570 1913 1778 2010 imperatore
1794 1933 1930 2008 semper

522 2048 669 2132 augusto
695 2059 788 2110 anno
814 2037 1010 2127 tricesimo,
1037 2059 1119 2130 rege
1140 2038 1331 2111 Jerusalem
1355 2058 1448 2112 anno
1466 2039 1631 2111 vicesimo
1649 2038 1771 2133 quinto
1793 2047 1828 2108 et
1847 2057 1929 2128 rege

522 2164 636 2237 Sicilie
658 2183 752 2234 anno
776 2161 1063 2257 quinquagesimo
1091 2162 1211 2253 tertio,
1236 2162 1293 2235 die
1318 2163 1408 2256 jovis
1431 2163 1599 2256 vigesimo
1613 2162 1741 2234 mensis
1754 2160 1927 2251 octubris,

522 2309 615 2360 none
635 2286 855 2376 indictionis,
877 2286 971 2381 apud
990 2287 1140 2378 Trojam.
1157 2286 1229 2358 Nos
1246 2285 1435 2360 Palmarius
1451 2286 1639 2382 imperialis
1653 2285 1754 2377 Troje
1766 2285 1881 2377 judex
1896 2293 1931 2356 ct

522 2410 690 2504 Rogarius
715 2410 759 2483 de
782 2410 949 2484 Giliberto
965 2410 1122 2502 ejusdem
1145 2419 1236 2482 terre
1261 2409 1422 2505 publicus
1442 2409 1599 2484 notarius
1621 2409 1793 2506 presentis
1812 2407 1932 2503 scripti

523 2536 613 2609 serie
633 2535 850 2608 declaramus
871 2535 968 2629 qnod
983 2535 1090 2608 frater
1113 2535 1323 2608 Benedictus
1347 2536 1392 2609 de
1415 2537 1508 2608 Luco
1525 2534 1717 2610 monachus
1732 2531 1932 2606 monasterii

523 2660 751 2750 Cassinensis,
767 2680 831 2755 pro
846 2667 944 2754 parta
961 2659 1069 2754 ipsius
1085 2660 1299 2752 monasterii,
1323 2660 1453 2733 domno
1475 2660 1604 2734 Iacobo
1624 2660 1669 2732 de
1692 2657 1863 2750 Rigniano
1886 2655 1931 2728 dc

523 2785 632 2857 Casali
658 2786 757 2856 Novo
785 2793 820 2854 et
836 2783 947 2876 judici
962 2783 1112 2856 Scationi
1128 2783 1172 2856 de
1185 2785 1376 2857 Jerusalem
1394 2784 1439 2857 de
1454 2783 1561 2877 Fogia
1578 2783 1716 2856 statutis
1731 2802 1838 2878 super
1851 2802 1929 2852 cus·

524 2909 619 2982 todia
636 2909 756 3000 Troje‚
781 2907 910 3000 egregii
930 2907 996 2980 viri
1011 2908 1131 2983 domni
1150 2908 1306 2982 Riccardi
1329 2908 1373 2981 de
1390 2908 1528 2982 lloccba
1550 2906 1738 3006 imperialis
1756 2903 1931 3000 justitiarii

524 3032 724 3127 Capitanate
736 3030 868 3104 litteras
876 3031 1113 3130 infrascriptas
1125 3029 1176 3129 (a)
1189 3031 1328 3122 detulit,
1348 3053 1496 3126 quarum
1512 3029 1725 3105 continentia
1740 3049 1804 3124 per
1816 3025 1931 3100 omnia

525 3156 604 3228 talis
621 3164 696 3228 erat
715 3183 724 3228 ε

573 3279 806 3352 Prudentibus
826 3279 910 3352 viris
927 3279 1057 3352 domno
1072 3279 1201 3353 Iacobo
1218 3280 1262 3353 de
1276 3279 1447 3372 Rigniano
1464 3279 1509 3351 de
1525 3279 1633 3352 Casuli
1648 3279 1749 3352 Novo
1770 3285 1806 3348 et
1823 3273 1933 3369 judici

526 3404 675 3477 Scalioni
687 3403 844 3497 deFogia
860 3404 998 3476 statutis
1009 3425 1114 3499 super
1126 3405 1284 3476 custodia
1297 3405 1418 3497 Troje,
1441 3403 1562 3475 amicis
1575 3404 1660 3494 suis,
1681 3401 1869 3474 lliccamlus
1887 3399 1932 3473 de

443 3563 447 3572 ·
526 3527 640 3600 llocca
667 3528 855 3623 imperialis
879 3527 1084 3620 justitiarius
1103 3528 1303 3623 Capitanate
1326 3529 1473 3600 salutem
1502 3537 1716 3600 clamorem
1744 3525 1927 3598 sincemm.

527 3653 652 3723 Sacras
671 3673 784 3746 nuper
799 3653 993 3746 recepimus
1008 3651 1205 3747 imperiales
1228 3652 1359 3724 litteras
1375 3651 1412 3723 in
1436 3651 1503 3723 hac
1528 3651 1639 3723 forma
1656 3676 1665 3723 ε
1684 3687 1735 3703 -
1750 3649 1932 3724 Federicus

526 3775 591 3848 Dei
603 3775 727 3868 gratia,
738 3783 823 3866 etc,
834 3775 1021 3866 jnstitiario
1033 3775 1253 3871 Capitanate,
1268 3787 1336 3851 etc.
1352 3772 1409 3850 Ad
1422 3775 1583 3868 religiosa
1596 3777 1673 3848 loca
1689 3774 1839 3848 cultibus
1850 3773 1935 3848 divi·

525 3899 580 3972 nis
598 3899 758 3995 exposita
779 3900 971 3993 benignum
988 3921 1126 3996 semper
1144 3899 1307 3974 babendo
1328 3909 1546 3995 respectum,
1568 3897 1727 3973 fidelitati
1752 3897 1933 3995 tuepreci·

527 4023 655 4120 piendo
681 4023 888 4096 mandamus
910 4032 1082 4117 quatenus
1103 4024 1284 4097 occasione
1301 4024 1456 4098 mandati
1480 4024 1590 4096 nostri
1614 4023 1658 4096 de
1677 4022 1933 4095 exhabitatione

526 4148 627 4240 Troje
641 4148 776 4243 pridem
793 4147 907 4220 emissi
920 4144 995 4244 (t),
1011 4169 1116 4244 super
1134 4149 1281 4220 ecclesia
1296 4148 1413 4221 Sancti
1428 4146 1553 4240 angeli
1567 4147 1612 4221 de
1628 4146 1787 4239 Rodingo
1803 4157 1838 4218 et
1853 4167 1932 4244 pos·

569 4337 610 4417 (a)
632 4337 669 4397 In
681 4339 822 4416 impresso
836 4338 987 4418 wpitoaeo
1005 4335 1119 4400 litterar
1132 4337 1290 4420 iasmpm,
1308 4338 1392 4400 malr.

1280 4511 1924 4534 ——ffl

565 4624 602 4698 (t)
620 4625 697 4683 Unda
711 4627 902 4700 suspicandum
918 4631 960 4684 est
976 4631 1075 4684 statum
1087 4629 1202 4702 Apuliae
1218 4633 1283 4686 tunc
1297 4630 1426 4703 temporis
1441 4644 1495 4688 non
1509 4629 1593 4687 multo
1608 4627 1691 4686 luisse
1703 4629 1840 4687 diuersam
1854 4626 1890 4686 ab
1902 4641 1935 4686 ea

528 4721 679 4782 conditione
690 4739 742 4798 qua
753 4723 832 4781 tuerit
843 4732 904 4798 post
915 4739 1071 4799 marsosum
1083 4725 1252 4801 imperatoris
1264 4743 1281 4784 e
1293 4728 1375 4785 Terra
1386 4727 1482 4786 Sancta
1493 4727 1571 4786 anub
1583 4729 1652 4786 ⁴229
1663 4731 1693 4786 at
1704 4729 1783 4786 ⁴2³⁰.
