4306 5914
505 569 567 630 6³2
1002 578 1215 641 Flillllllllcl
1240 577 1412 640 secutum
1721 575 1802 660 [Ass.
1820 575 1908 638 1248.

507 703 693 780 dammodo
707 709 825 803 spoliis
841 709 1120 808 dampnatorum.
1139 716 1211 786 Hac
1226 713 1332 806 igitur
1348 709 1625 785 consideratione
1638 709 1836 808 permuniti,
1851 709 1912 805 qni

507 829 652 903 Romani
674 833 771 904 frena
793 833 929 928 imperii
950 839 1186 929 moderamur,
1205 835 1423 908 attendentes
1445 855 1585 928 quoque
1605 853 1729 929 pnram
1751 832 1857 906 iidem
1878 842 1914 906 et

508 951 729 1028 devotionem
750 958 920 1031 sinceram
941 983 1047 1054 quam
1069 963 1150 1036 Otto
1173 982 1289 1034 comes
1312 959 1484 1055 palatinus
1502 958 1588 1031 lieni
1609 967 1644 1031 et
1660 957 1736 1030 dux
1756 955 1913 1030 Bawerie

509 1073 655 1148 dilectus
675 1078 836 1174 princeps
853 1091 971 1154 noster
983 1082 1029 1155 ad
1043 1082 1286 1156 excellentiam
1309 1090 1461 1154 nostram
1479 1079 1585 1172 gerit,
1602 1100 1738 1152 nmen
1760 1090 1797 1150 et
1815 1088 1915 1172 grata

508 1198 613 1271 valde
630 1221 672 1272 ao
686 1199 802 1274 fidelia
816 1204 970 1296 servitia,
987 1229 1055 1299 que
1072 1207 1214 1280 culmini
1229 1215 1348 1279 nostre
1368 1204 1580 1276 incessanter
1595 1201 1738 1276 exhibet
1756 1211 1792 1275 et
1810 1201 1912 1274 exhi·

419 1387 421 1390 .
509 1319 731 1419 berepoterit
747 1325 784 1396 in
799 1337 902 1401 antea
915 1330 1083 1422 gratiora,
1100 1328 1358 1402 considerantes
1376 1327 1479 1401 etiam
1497 1327 1713 1400 manifestam
1734 1323 1915 1422 perfidiam

510 1465 615 1540 quam
638 1448 718 1520 Otto
739 1447 814 1520 dux
834 1451 986 1524 bleranie
1009 1453 1165 1549 proditor
1182 1462 1319 1543 noster,
1342 1450 1543 1524 adherendo
1564 1449 1750 1522 rebellibus
1769 1447 1913 1539 nostris,

510 1578 631 1642 eontra
647 1591 711 1644 nos
725 1581 761 1643 et
775 1572 957 1668 imperium
971 1575 1159 1671 proditorie
1173 1575 1357 1664 commisit,
1377 1574 1561 1648 comitatus
1580 1572 1625 1646 de
1639 1572 1863 1644 Nuemburch
1882 1581 1918 1645 et

512 1693 767 1788 Scherdingen,
786 1719 874 1790 quos
892 1699 985 1772 idem
1002 1700 1077 1772 dux
1095 1699 1247 1772 bleranie
1263 1720 1284 1771 a
1300 1698 1401 1771 nobis
1421 1708 1457 1771 et
1476 1697 1621 1793 imperio
1638 1697 1766 1786 tenuit,
1783 1697 1918 1792 prelato

511 1817 628 1890 Ottoni
642 1820 758 1890 comiti
770 1821 926 1895 Palatino
943 1823 1029 1895 Rani
1051 1832 1086 1895 et
1108 1822 1188 1895 duci
1205 1822 1363 1894 Bawarie
1388 1831 1424 1894 et
1440 1821 1628 1894 heredibus
1642 1821 1714 1893 suis
1735 1821 1915 1911 masculis,

512 1962 592 2014 eum
616 1943 775 2015 omnibus
796 1945 935 2037 juribus
959 1956 995 2018 et
1018 1946 1233 2042 pertinentiis
1254 1946 1342 2038 suis,
1361 1944 1405 2018 de
1428 1945 1539 2038 gratia
1562 1953 1679 2017 nostra
1699 1943 1864 2016 duximus
1881 1943 1917 2016 in

512 2076 719 2163 perpetuum
743 2069 972 2142 conferendos
992 2080 1031 2142 ut
1056 2070 1186 2144 seruire
1209 2068 1354 2165 proinde
1373 2069 1473 2142 nobis
1494 2080 1529 2142 et
1550 2067 1694 2164 imperio
1719 2077 1914 2140 teneantur.

512 2187 567 2262 Ad
588 2188 692 2283 hujus
709 2200 826 2263 autem
852 2193 1083 2266 concessionis
1106 2203 1223 2266 nostre
1245 2193 1447 2265 memoriam
1467 2202 1502 2264 et
1522 2192 1679 2266 stabilem
1697 2189 1915 2284 firmitatem,

513 2333 657 2408 presens
672 2314 838 2409 scriptum
852 2312 927 2386 fieri
944 2324 980 2386 et
995 2315 1183 2408 majestatis
1199 2325 1316 2386 nostre
1333 2314 1444 2407 sigillo
1454 2315 1621 2407 jussimus
1637 2313 1854 2387 communiri.

564 2436 688 2508 ilatum
705 2437 741 2509 in
764 2438 885 2510 eastris
900 2439 936 2510 in
953 2438 1220 2535 depopulatione
1235 2437 1426 2529 Parmensi,
1445 2460 1508 2534 per
1523 2460 1647 2509 manus
1661 2437 1814 2532 magistri
1828 2438 1921 2510 Petri

516 2559 560 2632 de
575 2560 686 2632 Vinea
707 2561 893 2656 imperialis
914 2564 994 2635 aule
1016 2563 1268 2659 prothonotarii
1291 2572 1326 2634 et
1345 2562 1444 2655 regni
1465 2562 1578 2635 Sicilie
1611 2562 1805 2655 logotheta,
1828 2583 1920 2636 anno

516 2683 687 2756 dominice
723 2685 969 2759 incarnationis
989 2687 1172 2762 millesimo
1202 2687 1441 2760 ducentesimo
1473 2685 1739 2780 quadragesimo
1775 2696 1916 2778 octavo,

516 2827 636 2881 mense
646 2808 750 2902 junii,
767 2809 1035 2884 Vlindictionis.
1268 2793 1270 2798 ¹

734 3161 1703 3176 fflffl———n—

348 3457 465 3563 dm,
575 3453 811 3563 Fridericus,
842 3458 1103 3543 Romanorum
1135 3461 1358 3572 imperator,
1393 3460 1580 3571 significat
1606 3461 1734 3545 comiti
1769 3459 1925 3545 Novello

522 3611 722 3698 prosperos
740 3613 913 3673 rumores
931 3591 979 3675 de
1006 3593 1172 3677 exercitu
1199 3621 1269 3678 suo
1290 3604 1328 3678 et
1353 3596 1546 3708 quomodo
1572 3595 1867 3680 Mediolanenses
1888 3602 1926 3677 et

523 3717 760 3804 Placentinos
778 3732 865 3804 ante
882 3721 1140 3808 Florensolam
1158 3725 1359 3838 fugaverit.-

606 3962 702 4042 (lldlt.
723 3965 755 4023 ln
773 3962 857 4024 Petri
869 3961 904 4024 dc
922 3963 987 4025 Vin.
1007 3966 1104 4045 epist,
1120 3966 1173 4027 llb.
1186 3967 1232 4044 11,
1247 3984 1311 4045 cap.
1328 3967 1465 4030 vant.
1479 3966 1555 4029 Colt.
1570 3983 1640 4027 cum
1652 3965 1719 4026 eod.
1735 3965 1812 4028 Blbl.
1825 3964 1924 4025 Cesar.

645 4067 751 4140 Paria,
758 4065 850 4148 sareda
863 4069 1073 4146 Nom-nume,
1086 4073 1654 4152 n·aoa,ccd.ltedtcmont.1>nttnpps.,
1669 4080 1703 4132 n·
1715 4079 1804 4145 88⁹0,
1817 4075 1847 4131 et
1857 4069 1922 4130 ced.

647 4173 799 4236 Guelferb.
813 4175 888 4238 Blbl.
906 4176 986 4256 Aug.
1000 4177 1086 4251 11111,
1104 4177 1147 4258 t.)

574 4389 782 4479 Friderious,
800 4399 885 4482 ete,
898 4391 1017 4464 comiti
1034 4391 1191 4482 Novello,
1208 4401 1275 4464 etc.
1294 4391 1339 4464 Ut
1351 4391 1526 4467 victoriosi
1543 4391 1716 4464 exercitus
1727 4389 1837 4462 nostri
1850 4409 1930 4484 pro-

527 4537 644 4589 cessus
670 4514 872 4586 fidelitatem
895 4525 990 4586 tuam
1015 4537 1085 4589 non
1109 4518 1215 4588 lateat
1244 4516 1462 4612 veritasque
1485 4517 1696 4610 frequenter,
1721 4524 1761 4587 ut
1782 4515 1937 4604 assolet,

527 4637 734 4734 loquacitate
749 4638 971 4711 referentium
987 4641 1153 4732 variatur,
1168 4661 1311 4736 presens
1327 4649 1361 4712 te
1378 4640 1530 4714 veridica
1546 4641 1671 4737 pagina
1689 4638 1813 4712 doceat
1834 4636 1928 4734 quod
