4352 5940
239 659 342 724 oure.
357 657 408 740 n]
686 649 884 721 ursronrr
907 649 1207 720 nrruorrrrrcr.
1593 647 1651 716 tur

238 804 277 869 te
290 795 456 870 volumus
470 791 567 889 qnod
579 807 660 867 curu
672 789 810 866 firmum
825 792 1041 890 propositum
1057 790 1249 864 babeamus
1262 787 1415 862 eundem
1426 783 1537 859 illium
1555 795 1654 860 tuum

239 925 278 992 ot
298 899 389 992 alios
414 915 538 991 unctes
560 923 697 991 nostros
726 937 790 1012 per
810 917 1017 989 Parmenses
1040 913 1240 1011 proditores
1266 919 1406 985 nostros
1426 908 1589 982 detentus
1615 907 1654 980 in

238 1042 406 1138 proximo
420 1041 582 1132 liberare,
599 1040 649 1114 sio
666 1059 689 1112 e
704 1039 852 1133 uestigio
865 1058 931 1135 pro
943 1037 1101 1131 ejusdem
1115 1033 1177 1107 filii
1195 1035 1246 1107 tni
1260 1033 1466 1106 liberutione
1479 1029 1654 1105 lavorabi-

239 1165 321 1240 liter
340 1167 581 1258 intendemus,
602 1165 693 1240 siout
712 1164 758 1238 de
777 1164 915 1260 reliquo
932 1162 1019 1254 alio,
1040 1181 1146 1256 quem
1165 1159 1359 1234 chariorem
1381 1149 1483 1231 nobis
1502 1155 1653 1228 existere

240 1297 456 1388 mmmmm.

295 1873 488 1985 Potestas,
512 1877 654 1962 militm
681 1887 722 1961 et
747 1876 917 1987 populus
937 1875 1156 1960 Parmensis
1179 1874 1375 1986 potestati,
1401 1872 1590 1958 militibus
1616 1882 1656 1957 ut
1807 1977 1814 1992 ι

243 2007 385 2116 populo
402 2009 675 2095 Mediolanensi
695 2009 874 2094 nuntiant
894 2009 1104 2120 quomodo,
1117 2008 1296 2092 Frideriei
1320 2005 1561 2119 imperatoris
1583 2030 1655 2090 co*

242 2139 319 2249 piis
347 2141 523 2246 deuotis,
543 2169 633 2227 eum
651 2143 704 2227 ab
718 2143 918 2228 obsidione
941 2142 1048 2226 urbis
1071 2167 1163 2226 suae
1180 2141 1407 2252 repulerint,
1426 2147 1655 2250 precentur-

244 2297 321 2384 que
337 2285 382 2358 ut
399 2276 449 2358 ad
468 2299 582 2359 sunm
609 2275 795 2360 auxilium
823 2276 907 2359 sine
929 2299 1039 2358 mora
1061 2275 1258 2382 accedant,
1277 2297 1368 2392 eum
1393 2273 1434 2356 in
1456 2273 1520 2358 vio
1536 2293 1655 2384 quum

245 2403 347 2490 lleus
364 2409 512 2518 aperuit
529 2407 689 2492 ulterius
715 2407 920 2518 procedere
935 2406 1065 2492 uelint.

326 2634 422 2714 (Hit.
436 2653 489 2717 ap.
504 2635 609 2701 mn.
621 2635 743 2717 rm,
754 2637 833 2700 m
847 2637 920 2720 u}-
933 2632 1073 2720 nuptm,
1085 2633 1255 2712 mon,
1266 2652 1299 2714 p.
1316 2633 1404 2716 tot.)

293 2837 452 2910 Strenuis
469 2847 505 2911 et
519 2838 750 2934 prudentibus
762 2837 847 2910 viris
866 2836 1009 2911 domino
1024 2833 1209 2910 Boncbcio
1229 2835 1275 2909 de
1296 2836 1370 2908 Sal
1388 2889 1398 2908 .
1415 2887 1425 2908 .
1445 2891 1455 2909 .
1473 2836 1652 2932 potestati,

243 2960 412 3034 militibus
426 2970 462 3034 et
474 2963 605 3058 populo
619 2961 885 3054 Mediolanensi,
899 2961 1080 3058 Philippus
1092 2959 1339 3034 vicedominus
1351 2968 1519 3056 potestas,
1529 2959 1656 3034 milites

244 3095 281 3158 et
296 3086 448 3182 populus
462 3087 657 3160 Parmensis
672 3088 823 3160 sulutem
835 3107 918 3160 oum
936 3086 1047 3180 glorio
1069 3095 1107 3158 et
1123 3085 1270 3159 honore.
1283 3085 1420 3160 laudes
1434 3085 1657 3158 retribuimus

243 3209 319 3282 Deo
332 3211 426 3282 Patri
437 3211 594 3305 Filioque
612 3232 676 3284 suo
687 3211 836 3284 Domino
853 3211 1064 3285 uostrolosu
1074 3209 1208 3283 Christo
1222 3219 1258 3283 et
1269 3210 1411 3304 Spiritui
1423 3210 1550 3283 Sancto
1566 3209 1656 3284 trino

244 3333 322 3406 Deo
336 3343 375 3406 et
388 3333 450 3405 uui
468 3335 644 3428 majestati
660 3344 697 3408 et
712 3333 845 3428 Virgini
866 3335 1017 3430 gloriose
1035 3354 1105 3428 que
1120 3354 1193 3407 non
1208 3343 1352 3430 propter
1366 3341 1566 3406 nostrorum
1579 3332 1656 3406 exi·

243 3457 399 3550 gentiam
414 3459 631 3551 meritorum,
641 3459 705 3533 sed
717 3469 861 3556 propter
872 3480 972 3532 suam
985 3457 1288 3532 clementissimam
1301 3457 1467 3554 pietatem
1481 3457 1657 3530 civitatem

245 3591 402 3654 nostram
425 3583 577 3678 protegit
598 3592 635 3656 et
653 3582 828 3674 defendit,
842 3583 949 3676 regit,
968 3582 1088 3656 visitat
1105 3590 1142 3654 et
1161 3581 1351 3676 gubernat,
1369 3581 1459 3654 sicut
1476 3581 1656 3654 manifeste

246 3705 479 3802 conspicimus
492 3707 529 3777 in
544 3706 691 3780 uictoria
708 3705 911 3804 triumphali
927 3727 1033 3800 quum
1053 3706 1112 3779 die
1130 3705 1251 3778 martis
1266 3705 1473 3779 duodecimo
1492 3705 1658 3780 lebnrurii

246 3829 409 3902 exeuntis
419 3826 474 3924 (l)
490 3829 637 3904 contulit
653 3831 757 3904 nobis
769 3832 861 3904 Deus
875 3853 939 3904 sue
954 3829 1131 3924 genitricis
1145 3830 1357 3903 interventu.
1376 3831 1544 3917 Quamvis
1563 3831 1657 3904 enim

247 3951 342 4024 mille
357 3953 537 4045 quingenti
553 3953 598 4026 de
613 3954 742 4027 nostris
755 3953 902 4027 iv'nsent
914 3953 1005 4026 inter
1017 3954 1203 4028 Colornum
1218 3965 1253 4027 et
1270 3955 1477 4046 Bersellum,
1492 3963 1528 4027 et
1540 3965 1657 4052 prete·

246 4075 742 4172 maduoporteiuintegrum
744 4129 1162 4152 ...........
1181 4087 1219 4150 et
1238 4078 1298 4151 ille
1316 4078 1658 4175 seviensdracoqui

245 4219 311 4293 per
326 4208 462 4272 tantum
479 4200 644 4297 temporis
659 4201 847 4274 obsederat
859 4209 988 4274 terram
1006 4210 1176 4293 nostrum,
1189 4222 1254 4273 nos
1267 4201 1408 4275 omnino
1426 4203 1587 4276 crederet
1598 4203 1661 4278 de·

244 4323 386 4417 glutire,
400 4324 475 4417 jam
493 4333 594 4398 extra
608 4347 671 4398 sua
686 4326 816 4399 moenia
831 4326 965 4398 cunctis
976 4325 1125 4397 militum
1139 4335 1175 4398 et
1187 4325 1345 4420 peditum
1358 4347 1501 4398 suorum
1514 4328 1660 4421 agmini·

246 4444 314 4519 bus
335 4445 523 4540 ordinatis,
543 4469 609 4521 nos
629 4449 791 4523 invocato
813 4449 876 4521 Dei
895 4449 1027 4521 auxdio
1049 4458 1085 4522 ct
1109 4449 1260 4542 Virginis
1282 4450 1449 4544 glorioso,
1475 4462 1660 4528 cernentes

284 4752 322 4825 p)
340 4751 559 4814 emendem
571 4754 615 4814 cre
627 4754 764 4829 remma,
777 4755 843 4814 cum
855 4755 993 4815 nostru
1005 4771 1092 4816 mnus
1104 4755 1257 4814 rannus.
