4318 5904
911 659 914 668 .
1056 603 1369 668 applicatam.

666 1232 797 1283 Nolim
823 1231 1090 1283 DOCUHENTORU!
1116 1235 1159 1283 blt
1184 1235 1301 1292 puteus
1326 1234 1393 1286 NON
1419 1236 1477 1284 SA'l'
1501 1236 1587 1286 BENE
1602 1236 1764 1288 collem.

557 1439 729 1512 Robertus
754 1438 799 1511 de
824 1437 1008 1510 Castillone
1036 1459 1129 1510 anno
1157 1439 1293 1511 Domini
1320 1439 1415 1514 4242
1438 1440 1534 1535 apud
1555 1441 1728 1514 Timnium
1751 1443 1921 1514 nonnulla

505 1565 586 1657 jura
603 1563 782 1635 Firmanae
798 1563 929 1635 civitati
944 1563 1130 1655 concessit3
1147 1563 1238 1637 inter
1253 1585 1344 1660 quae
1362 1565 1467 1637 etiam
1482 1587 1528 1636 ne
1544 1566 1623 1658 quis
1638 1566 1674 1638 in
1688 1567 1803 1639 littore
1817 1567 1923 1639 maris

510 1687 700 1760 aPotentia
712 1686 746 1757 in
760 1688 953 1758 Druentum
967 1686 1111 1758 auderet
1125 1685 1310 1759 aedificare
1322 1687 1396 1759 sine
1412 1687 1551 1760 licentia
1561 1689 1813 1783 Firmanorum,
1823 1701 1863 1763 ut
1877 1712 1922 1764 ex

511 1811 693 1910 privilegio
709 1820 845 1883 constat
862 1833 966 1883 manu
984 1810 1116 1883 Nicolai
1132 1811 1177 1882 de
1191 1813 1414 1903 Monterano,
1432 1813 1528 1906 quod
1546 1824 1706 1887 servatur
1723 1815 1760 1886 in
1777 1813 1922 1888 archivo

511 1938 683 2011 Firmano.
700 1937 762 2008 Fr.
783 1935 906 2007 Adami
922 1935 962 2006 dc
980 1935 1049 2006 rob.
1065 1945 1148 2028 pest.
1169 1937 1208 2007 in
1221 1937 1287 2008 cio.
1304 1937 1488 2022 Firmano,
1508 1959 1545 2031 p.
1567 1934 1626 2011 tt.

560 2143 704 2216 Invenio
735 2141 839 2212 etiam
866 2139 903 2210 in
928 2139 1128 2233 capibrevio
1158 2139 1391 2213 ecclesiastico
1416 2141 1511 2236 apud
1535 2141 1681 2213 cancell.
1710 2142 1795 2234 Reg.
1829 2141 1922 2216 idem

512 2264 760 2339 monasterium
783 2259 842 2360 [de
867 2263 971 2334 Fossa
993 2259 1098 2360 nova]
1122 2263 1227 2335 luisse
1248 2273 1390 2335 auctum
1412 2276 1447 2336 et
1469 2265 1617 2337 ditatum
1638 2265 1792 2361 quodam
1815 2266 1921 2338 casali

514 2389 626 2487 (quod
645 2388 749 2461 hodie
770 2387 937 2460 Palatium
953 2385 1098 2459 Adriani
1116 2385 1343 2484 appellatur),
1359 2387 1506 2482 aliisque
1524 2389 1694 2484 praediis,
1712 2390 1802 2463 utin
1816 2391 1922 2486 privi-

513 2514 603 2606 legio
630 2511 850 2606 imperatoris
874 2510 1046 2584 Frederioi
1066 2511 1113 2600 ll,
1144 2511 1228 2584 dato
1257 2531 1351 2584 anno
1374 2512 1496 2584 salutis
1525 2510 1639 2600 tate,
1662 2514 1759 2606 regni
1787 2514 1923 2586 Siciliae

513 2659 606 2712 anno
623 2635 682 2726 lt,
699 2635 888 2709 Jerusalem
904 2655 996 2706 anno
1015 2637 1062 2710 22
1076 2632 1144 2732 (l),
1164 2643 1198 2706 et
1214 2635 1342 2728 quoda
1355 2636 1496 2729 regibus
1510 2635 1645 2710 Siciliae
1663 2646 1731 2709 tam
1748 2636 1785 2710 id
1800 2659 1924 2711 mona·

514 2763 658 2836 sterium
678 2783 783 2854 quam
811 2758 999 2854 hospitium
1019 2759 1094 2831 sive
1120 2759 1267 2831 rectoria
1297 2761 1444 2832 Sanctae
1470 2760 1597 2833 Mariae
1620 2760 1665 2834 de
1689 2761 1923 2834 Misericordia

513 2886 673 2960 Panormi
690 2883 837 2958 conferri
853 2884 993 2956 soleret.
1011 2885 1121 2974 Pmm,
1140 2884 1236 2957 Sicil.
1257 2907 1369 2976 samo,
1392 2894 1417 2957 t.
1436 2885 1468 2978 1,
1485 2907 1521 2979 p.
1540 2879 1626 2960 759.

568 3119 585 3160 a
602 3093 666 3164 Les
675 3088 860 3181 bourgeois
873 3087 918 3160 de
932 3087 1019 3162 Toul
1037 3109 1075 3160 se
1094 3089 1316 3161 souleverent
1330 3089 1548 3186 tt’exempte
1562 3088 1607 3162 de
1621 3111 1714 3162 ceux
1728 3089 1773 3162 de
1784 3089 1875 3162 bleta
1891 3099 1926 3163 et

515 3215 561 3287 de
581 3213 722 3286 verdun
744 3222 864 3286 contre
886 3207 977 3308 [leur
997 3208 1146 3310 aveque]
1161 3213 1289 3304 Roger,
1312 3222 1348 3286 et
1372 3213 1611 3308 pretendirent
1628 3235 1697 3307 que
1718 3215 1751 3284 le
1773 3235 1926 3306 gouver·

508 3347 657 3421 *nement
685 3336 730 3410 de
762 3338 795 3409 la
820 3336 902 3410 ville
924 3335 1115 3431 dependoit
1146 3337 1443 3411 immediatement
1470 3337 1516 3410 ‹le
1547 3338 1771 3434 Pompeiam,
1796 3346 1925 3431 etque

515 3463 675 3555 l-’equue
690 3463 752 3556 n'y
772 3460 917 3556 pouvoit
936 3459 1021 3534 laire
1044 3481 1159 3532 aucun
1179 3463 1373 3553 reglement
1396 3483 1478 3536 sans
1497 3483 1539 3534 sa
1564 3461 1769 3558 permission
1792 3470 1829 3533 et
1849 3461 1928 3534 leur

514 3587 601 3658 avis.
627 3587 672 3658 lls
698 3585 901 3657 envoierent
929 3583 1060 3657 tMotz
1080 3584 1239 3657 Nemeric
1263 3586 1383 3676 Barat,
1412 3584 1601 3677 chevalier,
1633 3585 1696 3679 qui
1721 3585 1808 3658 etoit
1833 3585 1927 3656 alors

514 3709 639 3783 maltro
657 3708 803 3782 coherio
819 3708 864 3781 de
878 3709 977 3799 Toul,
996 3729 1085 3802 pour
1102 3707 1188 3780 faire
1202 3731 1272 3781 une
1288 3709 1381 3801 liguo
1395 3709 1562 3783 ostensivo
1580 3720 1617 3780 et
1632 3708 1821 3782 dellensive
1839 3729 1926 3782 aveo

514 3837 566 3908 los
580 3833 744 3924 Messias,
769 3841 804 3905 et
824 3833 890 3904 elle
913 3833 967 3904 lut
985 3834 1132 3904 conclue
1153 3833 1223 3904 l’an
1247 3833 1343 3908 4250
1368 3854 1432 3928 par
1452 3833 1621 3906 lsambert
1643 3834 1827 3924 Gmmont‚
1853 3834 1926 3905 l'on

514 3957 578 4032 des
599 3957 795 4051 magistrats
810 3956 855 4029 de
873 3957 972 4030 Melz.
991 3956 1018 4027 ll
1036 3979 1059 4052 y
1075 3957 1128 4027 lut
1143 3955 1256 4028 emble
1271 3977 1340 4049 que
1360 3958 1411 4030 les
1432 3957 1620 4050 bourgeois
1636 3958 1700 4030 des
1713 3955 1811 4030 deux
1825 3957 1928 4030 villos

515 4082 739 4156 s’aideroient
756 4081 1060 4176 reciproquement
1072 4089 1195 4152 contre
1207 4081 1301 4154 leurs
1318 4081 1475 4154 ennemis
1493 4090 1529 4154 ot
1544 4091 1682 4156 surtout
1697 4090 1817 4154 contre
1829 4081 1926 4154 Guil-

507 4197 649 4295 imme,
670 4215 783 4278 comte
802 4203 1028 4294 d'llollande,
1045 4205 1106 4298 qui
1126 4205 1259 4277 vouloit
1281 4204 1438 4300 dispater
1456 4205 1613 4301 l'empire
1629 4205 1650 4278 b
1668 4205 1828 4278 moderic
1844 4207 1886 4278 ll.
1905 4232 1921 4270 o

514 4333 656 4421 Besom,
670 4332 758 4402 llist.
774 4328 887 4402 eccles.
904 4339 936 4400 et
943 4327 1044 4422 polit.
1062 4328 1102 4400 dc
1119 4328 1154 4400 la
1166 4328 1247 4400 oilla
1259 4340 1292 4401 et
1306 4329 1353 4400 du
1367 4329 1493 4402 doctae
1505 4331 1546 4403 da
1563 4330 1661 4422 Toul,
1674 4352 1710 4426 p.
1733 4327 1816 4421 llb,
1839 4324 1922 4404 tlt.

516 4519 620 4530 u—-u-

550 4624 584 4699 tt)
602 4623 633 4680 ln
646 4623 697 4680 hoc
711 4621 849 4697 privilegio
867 4622 945 4695 cujus
959 4621 1037 4679 aliam
1054 4621 1203 4696 pleniorem
1219 4621 1337 4696 reperire
1353 4639 1407 4682 non
1418 4625 1554 4698 potuimus
1571 4625 1743 4698 mentionem,
1767 4625 1801 4684 de
1816 4623 1927 4684 abbatia

513 4724 613 4782 Fossae
624 4721 715 4779 Novae
728 4721 753 4776 in
766 4719 881 4778 dioecesi
893 4720 1078 4778 Terracineosi
1090 4719 1142 4778 sita
1154 4719 1296 4794 agebatur.
