4352 5940
450 621 454 630 ·
531 595 592 662 tot
1028 590 1247 654 salutaret
1267 591 1446 656 suctum
1748 597 1833 676 [tn.
1850 599 1938 662 leta.

530 732 616 810 dere
635 725 781 825 pacifica
801 726 1019 824 possessione
1041 726 1272 824 perceptionis
1295 726 1509 801 decimarum
1528 728 1780 823 predictarum,
1793 742 1830 804 et
1849 731 1941 828 ipsus

530 873 594 952 per
614 851 778 928 officiales
798 850 894 924 curie
915 872 979 950 pro
1001 871 1095 926 auno
1118 849 1273 946 presenti
1294 835 1417 944 quinte
1440 849 1639 926 indictionis
1660 853 1779 928 eidem
1799 855 1943 930 domiuo

531 975 894 1072 Grutelmojussmus
907 974 1137 1050 exolvendae.
1159 973 1258 1050 Unde
1276 973 1324 1048 ad
1343 975 1494 1048 futuram
1513 976 1716 1049 memoriam
1738 989 1777 1051 et
1795 979 1947 1075 predicti

532 1101 663 1180 domini
683 1100 856 1176 Grrillelmi
875 1101 1068 1190 cautelam,
1084 1120 1231 1194 presens
1248 1098 1415 1194 scriptum
1434 1101 1616 1194 prebende
1635 1103 1703 1175 sibi
1720 1104 1850 1178 exinde
1865 1103 1946 1178 tert

531 1223 675 1302 lecimus
690 1245 754 1320 per
769 1244 893 1299 manus
905 1223 1044 1298 ilenrici
1059 1222 1104 1296 de
1120 1223 1290 1296 Panormo
1305 1221 1494 1318 imperialis
1509 1223 1604 1298 cume
1619 1235 1777 1300 aetorum
1792 1229 1938 1320 nomn,

531 1355 651 1426 nostra
666 1357 701 1424 et
714 1345 859 1441 predicti
872 1346 1002 1438 judicis
1018 1345 1271 1440 subscriptione
1285 1345 1473 1418 munitum.

579 1470 752 1564 Scriptum
765 1469 938 1561 Panormi,
954 1490 1061 1560 centro¹
1078 1489 1199 1542 mense
1215 1478 1252 1540 et
1265 1468 1453 1542 indictione
1466 1469 1656 1564 premissis.

580 1593 606 1684 ’ς
631 1594 702 1670 Nos
715 1592 892 1690 Philippus
905 1592 950 1666 de
964 1592 1106 1670 &mnia
1117 1593 1178 1685 qui
1192 1613 1296 1689 supra
1309 1593 1474 1686 magister
1488 1595 1712 1668 camerarium.

581 1714 607 1806 ’ς
632 1717 708 1810 ugo
720 1716 884 1808 magister
895 1715 1061 1790 Nicolaus
1075 1715 1121 1792 de
1134 1701 1223 1790 Asta
1232 1715 1295 1811 qui
1306 1717 1621 1812 supra,imperiulis
1637 1719 1734 1792 curie
1741 1718 1939 1813 judex‚me

531 1839 672 1936 propria
685 1861 794 1916 manu
808 1839 1008 1936 subscripsi.

586 2378 816 2488 fridericus,
842 2379 1101 2464 Romanorum
1130 2381 1351 2488 imperator,
1376 2380 1506 2464 scribit
1530 2381 1806 2465 Mutinensibus
1833 2381 1937 2464 lide-

533 2509 635 2594 libus
666 2512 745 2594 suis
775 2513 879 2621 quod
909 2513 981 2595 sibi
1013 2513 1053 2594 iu
1077 2513 1273 2596 obsidione
1301 2514 1459 2596 Parmae
1488 2507 1640 2598 detento
1674 2513 1938 2598 honorabilem

535 2652 769 2732 armatorum
795 2643 1012 2731 comitivam
1034 2645 1306 2728 transmittant.

618 2868 713 2948 (aar.
728 2885 776 2948 up.
791 2869 876 2932 reor
890 2868 1009 2932 uua.
1023 2872 1121 2952 apoc,
1136 2870 1189 2932 ru.
1204 2827 1262 2944 ru,
1276 2887 1342 2948 ap.
1356 2869 1524 2950 nxxmr.)

580 3069 733 3161 Benigne
747 3069 878 3164 recepit
890 3069 1098 3142 excellentia
1113 3078 1231 3142 nostra
1247 3069 1366 3142 literas
1377 3089 1465 3162 quas
1478 3067 1633 3158 misistis,
1647 3078 1684 3140 et
1699 3089 1819 3140 aarum
1835 3069 1940 3162 plene

533 3193 737 3286 collegimus
756 3192 925 3266 intimata.
946 3194 1089 3266 Gratum
1108 3193 1260 3290 gerimus
1276 3192 1466 3266 admodum
1486 3191 1582 3284 quod
1601 3192 1719 3266 febres
1736 3191 1857 3264 audire
1877 3215 1938 3264 ru-

533 3335 647 3396 mores
663 3316 712 3388 de.
724 3316 898 3412 prosperis
916 3316 1043 3392 nostris
1060 3316 1277 3412 processibus
1296 3315 1493 3410 cupientes,
1510 3336 1575 3388 ros
1596 3314 1644 3388 ad
1661 3323 1780 3388 umba
1799 3314 1944 3388 cerubin

532 3448 714 3534 promptos
725 3447 761 3512 et
775 3437 898 3517 avidos
909 3439 1093 3514 obtulistis.
1111 3441 1161 3514 ue
1176 3438 1306 3533 quibus
1318 3439 1602 3514 volentesrestra
1614 3437 1749 3510 macera
1764 3459 1942 3529 mereare,

532 3559 691 3641 tuerint
711 3571 825 3640 vestre
853 3574 976 3640 tenore
994 3563 1212 3658 presentem
1228 3562 1428 3636 intimemus
1451 3561 1550 3656 quod
1569 3583 1636 3636 nos
1655 3561 1700 3634 ad
1722 3561 1939 3658 puniendum

532 3685 749 3782 proditorum
771 3686 1007 3762 Parmensium
1030 3683 1229 3782 perfidiam,
1248 3705 1437 3777 eommque
1454 3684 1655 3779 superbiam
1668 3683 1936 3774 conterendum,

532 3809 568 3879 in
585 3830 769 3886 numeroso
790 3809 948 3884 exercitu
963 3817 1198 3901 congregem,
1212 3830 1292 3884 eum
1312 3807 1514 3882 Lomberdis
1535 3808 1666 3882 neuris
1679 3805 1860 3898 fidelibus,
1877 3807 1943 3900 qui
1990 3815 1997 3820 “

527 3933 632 4024 juxta
647 3933 848 4010 mandabam
865 3942 1022 4006 nostrum
1036 3933 1139 4006 uobis
1152 3932 1331 4023 assuerat,
1343 3931 1552 4004 unanimiter
1566 3941 1602 4004 et
1614 3939 1775 4025 potenter
1787 3930 1834 4004 ad
1848 3931 1940 4003 obsi·

530 4055 673 4136 mem
689 4056 924 4133 Parmensium
937 4056 1168 4152 processimus
1187 4055 1361 4132 :eaodem
1378 4055 1428 4128 sic
1444 4053 1593 4130 strictius
1608 4063 1823 4128 muctuntes
1842 4054 1940 4148 prod

531 4179 641 4275 ipsam
656 4182 778 4276 procul
795 4181 902 4256 dubio
921 4181 1150 4256 voluntariam
1165 4180 1223 4253 uel
1240 4180 1390 4254 invitant
1405 4178 1524 4252 redire-
1539 4178 1577 4252 in
1592 4178 1693 4252 brevi
1713 4178 1763 4250 ad
1779 4188 1942 4252 nostrum

531 4301 723 4384 dominium
743 4304 928 4399 oportebit.
953 4305 1121 4382 volumus
1140 4304 1245 4397 igitur
1272 4313 1308 4376 et
1334 4302 1541 4378 mandamus
1565 4310 1757 4395 quatenus,
1775 4309 1815 4372 ut
1841 4311 1935 4374 unte

530 4427 675 4506 victorie
694 4427 880 4523 participes
900 4427 1107 4518 existentes,
1124 4436 1340 4502 amatorum
1359 4425 1599 4499 honorabilem
1613 4423 1838 4514 comitivam„
1848 4423 1937 4496 sinu

528 4549 798 4642 unquannobir
817 4550 953 4644 placere
968 4548 1093 4652 cupitis
1106 4559 1142 4622 et
1158 4548 1303 4638 servire,
1321 4547 1544 4624 adnostrum.
1551 4547 1763 4641 presentiam
1777 4547 1936 4622 eduntur

530 4673 760 4752 transmittere
774 4673 956 4752 studeatis
