4310 5908
506 637 566 698 tut
999 635 1216 698 ratuuutcl
1238 633 1414 698 saeuum
1721 629 1804 710 [aas.
1821 629 1911 692 12⁴9.

505 781 740 870 presentatum
763 772 931 846 mittimus
954 772 1016 846 tibi
1037 772 1259 869 presentibus
1280 771 1523 858 interclusam,
1558 777 1617 840 tue
1635 764 1794 840 filiationi
1816 785 1914 838 man-

505 897 629 970 dantes
640 907 813 990 quatenus
827 897 1002 994 petitionis
1015 897 1173 991 ejusdem
1188 906 1307 969 tenme
1321 894 1508 988 diligenter
1517 893 1692 988 inspecto,
1710 890 1817 964 iacias
1831 889 1914 964 inde

504 1021 601 1115 quod
613 1021 737 1094 honori
750 1033 883 1112 nostin,
896 1023 967 1115 juri
981 1031 1017 1095 et
1024 1022 1158 1116 justitie
1175 1030 1210 1093 et
1225 1019 1384 1115 qualitati
1400 1017 1530 1112 negotii
1547 1013 1697 1116 [videris
1710 1013 1911 1113 expedire}

503 1147 630 1218 Datum
653 1145 822 1235 Ficeclio,
841 1145 1010 1238 vigesimo
1032 1147 1168 1240 aprilis,
1187 1145 1334 1241 septima
1347 1141 1550 1217 indictione.

552 1270 665 1342 Tenor
677 1271 778 1363 cujus
797 1270 973 1367 petitionis
989 1271 1067 1342 talis
1080 1281 1156 1342 est:
1173 1267 1376 1364 Significant
1388 1267 1609 1364 imperatorie
1622 1265 1793 1360 majestati
1805 1265 1915 1338 abhas

503 1403 540 1468 ct
552 1405 745 1466 conventus
758 1395 874 1466 Sancti
887 1395 1076 1468 Salvatorr's
1100 1394 1146 1467 de
1159 1395 1277 1466 Monte
1299 1391 1437 1465 Amiato
1454 1390 1551 1486 quod
1569 1409 1650 1463 cum
1669 1411 1691 1462 a
1708 1389 1798 1462 divis
1822 1398 1915 1463 retro

504 1518 718 1612 principibus
735 1517 801 1614 ipsi
812 1519 1022 1592 monasterio
1036 1519 1141 1591 merit
1155 1539 1359 1590 cencessum
1373 1523 1409 1589 et
1422 1537 1444 1588 a
1459 1511 1605 1612 nostra(
1628 1511 1916 1612 ‘)muniiicencia

504 1639 746 1714 confirmatum
768 1642 864 1738 apud
883 1643 1025 1716 Plebem
1042 1641 1088 1716 de
1110 1643 1254 1714 lanula
1273 1651 1466 1714 mercatum
1490 1639 1711 1712 sabbatinum
1727 1638 1863 1718 ¹habere
1879 1649 1917 1711 st

504 1765 541 1838 in
560 1766 777 1861 possessione
789 1767 877 1860 juris
894 1767 1003 1865 ipsius
1023 1768 1166 1840 mercati
1183 1776 1281 1839 tamo
1296 1775 1453 1862 tempore
1468 1767 1570 1857 cujus
1586 1785 1656 1835 non
1674 1773 1771 1836 extat
1789 1781 1918 1835 memo

504 1889 556 1962 ria
576 1891 702 1981 luerit,
720 1891 927 1964 universitas
941 1892 1045 1964 castri
1068 1891 1113 1964 de
1135 1890 1321 1964 Arcidosso
1336 1890 1484 1963 instituit
1507 1889 1684 1983 quoddam
1706 1887 1802 1960 aliud
1819 1910 1917 1961 mer-

505 2023 621 2088 catum
639 2015 778 2111 propria
793 2017 999 2090 auctoritate
1025 2018 1062 2089 in
1093 2020 1169 2091 loco
1186 2019 1248 2111 qui
1270 2017 1397 2090 dicitur
1413 2015 1601 2090 Maladaria
1617 2013 1714 2109 quod
1731 2015 1837 2087 distat
1852 2037 1917 2112 per

507 2138 658 2211 medium
683 2140 815 2211 miliare
832 2161 956 2236 parum
971 2141 1088 2213 minus
1107 2162 1128 2212 a
1148 2142 1251 2236 plebe
1267 2140 1436 2236 predicta,
1454 2161 1517 2237 per
1539 2138 1634 2233 quod
1658 2146 1811 2210 mercato
1831 2137 1917 2211 dicti

506 2263 706 2337 monasterii
723 2263 863 2358 penitus
885 2264 1084 2358 derogatur.
1105 2265 1205 2338 Unde
1228 2263 1419 2338 Pandullus
1437 2263 1482 2338 de
1499 2261 1690 2336 Fasianolla
1705 2275 1787 2334 tnnc
1805 2262 1916 2360 impe·

507 2386 601 2458 rialis
613 2386 648 2456 in
660 2387 782 2460 Tuscia
798 2388 946 2460 vicarius
961 2389 1134 2482 generalis
1150 2411 1229 2461 cum
1250 2389 1296 2462 ab
1314 2388 1483 2484 imperiali
1502 2387 1711 2460 excellentia
1731 2391 1919 2486 recepisset

507 2514 543 2585 in
564 2511 735 2584 mandatis
759 2522 800 2584 ut
826 2513 943 2586 debita
967 2513 1200 2588 cohercitione
1222 2513 1484 2588 universitatem
1511 2512 1595 2585 dicti
1616 2514 1721 2586 castri
1745 2513 1791 2586 de
1814 2513 1916 2588 Arci·

507 2637 610 2712 dosso
630 2635 856 2734 compelleret
876 2649 911 2710 et
934 2638 1030 2732 quod
1051 2639 1182 2711 dictum
1205 2637 1452 2712 monasterium
1477 2637 1515 2708 in
1535 2637 1687 2733 antiquis
1706 2640 1871 2714 nundinis
1893 2665 1918 2718 a

507 2763 597 2836 divis
618 2773 710 2835 retro
733 2759 946 2859 principibus
964 2763 1137 2836 concessis
1157 2761 1202 2836 de
1225 2772 1342 2836 cetero
1360 2772 1482 2835 contra
1501 2761 1671 2856 justitiam
1692 2763 1916 2842 nullomodo

506 2887 725 2977 molestaret,
752 2907 819 2958 nec
836 2907 944 2958 novas
962 2885 1137 2959 nundinas
1154 2883 1287 2958 institui
1301 2885 1517 2983 permitteret
1539 2883 1640 2958 dictis
1656 2886 1810 2984 antiquis
1825 2912 1916 2962 nun·

508 3009 599 3082 dinis
621 3010 841 3103 derogantes
860 3009 1117 3104 inquisitionem
1133 3011 1215 3083 iecit
1234 3007 1367 3084 deride
1386 3007 1562 3107 predictis.
1591 3009 1705 3098 Quare
1720 3011 1918 3108 supplicant
2024 3093 2032 3108 ‚

509 3134 617 3206 abbas
646 3144 682 3206 et
705 3145 897 3208 conventus
924 3134 1070 3230 predicti
1095 3125 1266 3231 quatenus
1282 3135 1423 3210 domino
1438 3133 1620 3208 Frederico
1640 3135 1684 3208 de
1708 3135 1916 3213 anthiochia

509 3281 604 3331 nunc
629 3257 799 3356 imperiali
822 3259 857 3330 in
881 3257 1004 3332 Tuscia
1026 3258 1156 3331 vicario
1173 3260 1327 3352 generali
1349 3259 1527 3356 precipere
1550 3258 1713 3354 dignetur
1730 3261 1918 3356 imperialis

511 3382 671 3473 majestas
696 3392 736 3454 ut
761 3383 797 3454 in
825 3382 980 3478 predicta
1007 3381 1229 3478 inquisitione
1254 3383 1386 3478 absque
1410 3383 1642 3457 retardatione
1667 3385 1917 3461 sententialiter

509 3505 637 3578 debeat
650 3506 812 3579 diffinire.

557 3627 721 3700 Volentes
742 3628 846 3721 igitur
864 3627 1042 3724 imperiale
1058 3630 1261 3702 mandatum
1277 3631 1406 3724 exequi
1425 3641 1638 3724 reverenter,
1663 3631 1726 3704 tibi
1743 3653 1791 3704 ex
1803 3632 1917 3728 impe·

509 3751 585 3822 riali
609 3763 707 3846 parte
735 3753 940 3826 mandamus
973 3763 1147 3848 quatenus
1171 3753 1368 3848 predictum
1395 3775 1544 3829 comune
1569 3753 1802 3851 perhemtoric
1831 3757 1918 3831 cites

509 3884 550 3946 ut
567 3885 692 3948 octavo
711 3887 793 3972 post
811 3877 1012 3950 citationem
1031 3887 1129 3950 tuam
1146 3899 1210 3973 per
1232 3877 1322 3952 duos
1340 3877 1493 3952 sindicus
1507 3880 1565 3952 rel
1582 3901 1693 3950 unum
1711 3881 1769 3952 vel
1782 3889 1918 3954 actores

508 3998 695 4071 instructos
713 4010 914 4094 compareat
937 4019 1055 4072 coram
1071 4001 1172 4074 nobis
1188 4001 1225 4074 in
1241 3999 1399 4096 prodicta
1417 4022 1523 4074 causa
1541 4011 1645 4098 prout
1662 4000 1796 4095 justum
1812 4003 1918 4076 merit

507 4141 767 4217 processurum,
784 4131 821 4194 et
834 4121 996 4216 injungas
1009 4123 1101 4218 parti
1116 4145 1240 4198 averse
1257 4123 1352 4196 utin
1369 4125 1526 4220 predicto
1551 4125 1700 4200 termino
1717 4136 1918 4222 compareat

509 4263 626 4316 coram
644 4245 764 4334 nobis3
785 4245 879 4318 diem
900 4246 1073 4320 citationis
1098 4258 1135 4321 et
1161 4249 1309 4321 formam
1333 4250 1571 4344 presentium,
1600 4269 1719 4324 coram
1733 4250 1860 4345 quibus
1880 4259 1918 4325 et

509 4367 676 4461 quicquid
688 4367 771 4440 inde
784 4369 909 4442 leceris
923 4370 1026 4444 nohis
1038 4391 1101 4467 per
1115 4371 1295 4468 publicum
1307 4373 1577 4446 instmmentum
1593 4375 1775 4448 rescribas.
1790 4375 1917 4448 Datum

509 4491 716 4564 Florentiola
730 4489 801 4588 (c),
819 4493 931 4588 primo
941 4496 1055 4589 junii,
1076 4495 1225 4592 septima
1239 4496 1442 4572 indictione.
1457 4497 1556 4572 Unde
1571 4518 1638 4592 ego
1652 4497 1802 4573 lacobus
1814 4507 1916 4573 nota·

551 4715 591 4796 (c)
613 4718 676 4794 Slc,
693 4721 797 4782 mellus
810 4729 909 4784 tamen
923 4725 1149 4804 intelllgendum
1159 4721 1336 4788 Florentiae.
