<?xml version="1.0" encoding="UTF-8"?>
<!DOCTYPE html PUBLIC "-//W3C//DTD XHTML 1.0 Transitional//EN"
    "http://www.w3.org/TR/xhtml1/DTD/xhtml1-transitional.dtd">
<html xmlns="http://www.w3.org/1999/xhtml" xml:lang="en" lang="en">
 <head>
  <title>
</title>
<meta http-equiv="Content-Type" content="text/html;charset=utf-8" />
  <meta name='ocr-system' content='tesseract 3.04.00' />
  <meta name='ocr-capabilities' content='ocr_page ocr_carea ocr_par ocr_line ocrx_word'/>
</head>
<body>
  <div class='ocr_page' id='page_1' title='image "./historiadiploma00fredgoog/historiadiploma00fredgoog_0051.png"; bbox 0 0 4352 5940; ppageno 0'>
   <div class='ocr_carea' id='block_1_1' title="bbox 523 634 1932 723">
    <p class='ocr_par' dir='ltr' id='par_1_1' title="bbox 523 634 1932 723">
     <span class='ocr_line' id='line_1_1' title="bbox 523 634 1932 723; baseline 0.01 -33"><span class='ocrx_word' id='word_1_1' title='bbox 523 637 585 700; x_wconf 83' lang='grc'><strong>586</strong></span> <span class='ocrx_word' id='word_1_2' title='bbox 1023 634 1237 697; x_wconf 75' lang='lat' dir='ltr'><strong>rtlnuulcl</strong></span> <span class='ocrx_word' id='word_1_3' title='bbox 1262 635 1437 698; x_wconf 74' lang='lat' dir='ltr'><strong>suctum</strong></span> <span class='ocrx_word' id='word_1_4' title='bbox 1745 639 1826 723; x_wconf 76' lang='lat' dir='ltr'><strong>[Anu.</strong></span> <span class='ocrx_word' id='word_1_5' title='bbox 1846 639 1932 704; x_wconf 70' lang='lat' dir='ltr'><strong>lata.</strong></span> 
     </span>
    </p>
   </div>
   <div class='ocr_carea' id='block_1_2' title="bbox 525 793 1936 2861">
    <p class='ocr_par' dir='ltr' id='par_1_2' title="bbox 525 793 1936 2861">
     <span class='ocr_line' id='line_1_2' title="bbox 525 793 1936 897; baseline 0.003 -26"><span class='ocrx_word' id='word_1_6' title='bbox 525 799 678 890; x_wconf 91' lang='lat' dir='ltr'><strong>tedictis,</strong></span> <span class='ocrx_word' id='word_1_7' title='bbox 700 799 861 872; x_wconf 90' lang='lat' dir='ltr'><strong>Cumanis</strong></span> <span class='ocrx_word' id='word_1_8' title='bbox 887 807 922 869; x_wconf 91' lang='lat' dir='ltr'><strong>et</strong></span> <span class='ocrx_word' id='word_1_9' title='bbox 944 793 1240 892; x_wconf 90' lang='lat' dir='ltr'><strong>Saonensibus(o)</strong></span> <span class='ocrx_word' id='word_1_10' title='bbox 1263 819 1351 889; x_wconf 89' lang='lat' dir='ltr'><strong>quos</strong></span> <span class='ocrx_word' id='word_1_11' title='bbox 1375 819 1439 892; x_wconf 94' lang='lat' dir='ltr'><strong>pro</strong></span> <span class='ocrx_word' id='word_1_12' title='bbox 1466 797 1591 870; x_wconf 91' lang='lat' dir='ltr'><strong>eodem</strong></span> <span class='ocrx_word' id='word_1_13' title='bbox 1615 801 1762 892; x_wconf 92' lang='lat' dir='ltr'><strong>negocio</strong></span> <span class='ocrx_word' id='word_1_14' title='bbox 1787 803 1936 897; x_wconf 84' lang='lat' dir='ltr'><strong>provisio</strong></span> 
     </span>
     <span class='ocr_line' id='line_1_3' title="bbox 525 919 1934 1017; baseline 0.005 -25"><span class='ocrx_word' id='word_1_15' title='bbox 525 932 643 995; x_wconf 91' lang='lat' dir='ltr'><strong>nostra</strong></span> <span class='ocrx_word' id='word_1_16' title='bbox 660 924 788 994; x_wconf 82' lang='lat' dir='ltr'><strong>lecerat</strong></span> <span class='ocrx_word' id='word_1_17' title='bbox 801 922 1003 1011; x_wconf 90' lang='lat' dir='ltr'><strong>convenire,</strong></span> <span class='ocrx_word' id='word_1_18' title='bbox 1024 942 1065 993; x_wconf 91' lang='lat' dir='ltr'><strong>ao</strong></span> <span class='ocrx_word' id='word_1_19' title='bbox 1080 919 1369 993; x_wconf 80' lang='lat' dir='ltr'>Cremonensibus</span> <span class='ocrx_word' id='word_1_20' title='bbox 1385 921 1489 992; x_wconf 91' lang='lat' dir='ltr'><strong>etiam</strong></span> <span class='ocrx_word' id='word_1_21' title='bbox 1503 923 1659 1017; x_wconf 79' lang='lat' dir='ltr'><strong>expertis</strong></span> <span class='ocrx_word' id='word_1_22' title='bbox 1676 922 1838 997; x_wconf 84' lang='lat' dir='ltr'><strong>fidelibus</strong></span> <span class='ocrx_word' id='word_1_23' title='bbox 1853 947 1934 999; x_wconf 91' lang='lat' dir='ltr'><strong>nos·</strong></span> 
     </span>
     <span class='ocr_line' id='line_1_4' title="bbox 526 1044 1933 1140; baseline 0.004 -23"><span class='ocrx_word' id='word_1_24' title='bbox 526 1047 600 1134; x_wconf 91' lang='lat' dir='ltr'><strong>tris,</strong></span> <span class='ocrx_word' id='word_1_25' title='bbox 619 1047 678 1140; x_wconf 84' lang='lat' dir='ltr'><strong>qui</strong></span> <span class='ocrx_word' id='word_1_26' title='bbox 701 1046 936 1119; x_wconf 89' lang='lat' dir='ltr'><strong>verecundum</strong></span> <span class='ocrx_word' id='word_1_27' title='bbox 957 1045 1126 1116; x_wconf 80' lang='lat' dir='ltr'><strong>extimant</strong></span> <span class='ocrx_word' id='word_1_28' title='bbox 1145 1044 1173 1116; x_wconf 92' lang='lat' dir='ltr'><strong>si</strong></span> <span class='ocrx_word' id='word_1_29' title='bbox 1190 1065 1227 1116; x_wconf 86' lang='lat' dir='ltr'><strong>se</strong></span> <span class='ocrx_word' id='word_1_30' title='bbox 1246 1045 1380 1116; x_wconf 92' lang='lat' dir='ltr'><strong>cunctis</strong></span> <span class='ocrx_word' id='word_1_31' title='bbox 1402 1045 1530 1118; x_wconf 91' lang='lat' dir='ltr'><strong>nostris</strong></span> <span class='ocrx_word' id='word_1_32' title='bbox 1552 1047 1701 1119; x_wconf 87' lang='lat' dir='ltr'><strong>servitiis</strong></span> <span class='ocrx_word' id='word_1_33' title='bbox 1719 1070 1789 1121; x_wconf 96' lang='lat' dir='ltr'><strong>non</strong></span> <span class='ocrx_word' id='word_1_34' title='bbox 1805 1049 1933 1122; x_wconf 90' lang='lat' dir='ltr'><strong>immis-</strong></span> 
     </span>
     <span class='ocr_line' id='line_1_5' title="bbox 525 1167 1935 1263; baseline 0.004 -22"><span class='ocrx_word' id='word_1_35' title='bbox 525 1180 618 1260; x_wconf 84' lang='lat' dir='ltr'>cent,</span> <span class='ocrx_word' id='word_1_36' title='bbox 637 1170 682 1243; x_wconf 92' lang='lat' dir='ltr'><strong>ad</strong></span> <span class='ocrx_word' id='word_1_37' title='bbox 697 1170 967 1242; x_wconf 91' lang='lat' dir='ltr'><strong>construendum</strong></span> <span class='ocrx_word' id='word_1_38' title='bbox 983 1178 1019 1241; x_wconf 90' lang='lat' dir='ltr'><strong>et</strong></span> <span class='ocrx_word' id='word_1_39' title='bbox 1032 1167 1161 1263; x_wconf 91' lang='lat' dir='ltr'><strong>optime</strong></span> <span class='ocrx_word' id='word_1_40' title='bbox 1174 1168 1402 1239; x_wconf 90' lang='lat' dir='ltr'><strong>muniendum</strong></span> <span class='ocrx_word' id='word_1_41' title='bbox 1418 1181 1560 1263; x_wconf 90' lang='lat' dir='ltr'><strong>pontem</strong></span> <span class='ocrx_word' id='word_1_42' title='bbox 1575 1171 1737 1243; x_wconf 91' lang='lat' dir='ltr'><strong>eumdem</strong></span> <span class='ocrx_word' id='word_1_43' title='bbox 1747 1195 1833 1244; x_wconf 37' lang='lat' dir='ltr'><strong>,cum</strong></span> <span class='ocrx_word' id='word_1_44' title='bbox 1851 1183 1935 1246; x_wconf 91' lang='lat' dir='ltr'><strong>stre·</strong></span> 
     </span>
     <span class='ocr_line' id='line_1_6' title="bbox 525 1292 1934 1391; baseline 0.004 -28"><span class='ocrx_word' id='word_1_45' title='bbox 525 1294 657 1364; x_wconf 86' lang='lat' dir='ltr'><strong>nuitate</strong></span> <span class='ocrx_word' id='word_1_46' title='bbox 681 1293 865 1388; x_wconf 91' lang='lat' dir='ltr'><strong>procedat,</strong></span> <span class='ocrx_word' id='word_1_47' title='bbox 886 1293 981 1364; x_wconf 95' lang='lat' dir='ltr'><strong>omni</strong></span> <span class='ocrx_word' id='word_1_48' title='bbox 1005 1292 1143 1364; x_wconf 89' lang='lat' dir='ltr'><strong>sublato</strong></span> <span class='ocrx_word' id='word_1_49' title='bbox 1163 1292 1388 1364; x_wconf 91' lang='lat' dir='ltr'><strong>dubitationis</strong></span> <span class='ocrx_word' id='word_1_50' title='bbox 1413 1294 1610 1386; x_wconf 89' lang='lat' dir='ltr'><strong>obstaculo,</strong></span> <span class='ocrx_word' id='word_1_51' title='bbox 1631 1306 1667 1366; x_wconf 91' lang='lat' dir='ltr'><strong>et</strong></span> <span class='ocrx_word' id='word_1_52' title='bbox 1683 1297 1786 1390; x_wconf 92' lang='lat' dir='ltr'><strong>plene</strong></span> <span class='ocrx_word' id='word_1_53' title='bbox 1806 1297 1934 1391; x_wconf 88' lang='lat' dir='ltr'><strong>paratis</strong></span> 
     </span>
     <span class='ocr_line' id='line_1_7' title="bbox 525 1401 1934 1512; baseline 0.003 -24"><span class='ocrx_word' id='word_1_54' title='bbox 525 1416 669 1509; x_wconf 88' lang='lat' dir='ltr'><strong>singulis</strong></span> <span class='ocrx_word' id='word_1_55' title='bbox 685 1416 780 1489; x_wconf 89' lang='lat' dir='ltr'><strong>adid</strong></span> <span class='ocrx_word' id='word_1_56' title='bbox 795 1401 992 1489; x_wconf 75' lang='lat' dir='ltr'><strong>faciendum</strong></span> <span class='ocrx_word' id='word_1_57' title='bbox 1008 1416 1226 1511; x_wconf 80' lang='lat' dir='ltr'>opportunis.</span> <span class='ocrx_word' id='word_1_58' title='bbox 1241 1417 1322 1488; x_wconf 85' lang='lat' dir='ltr'><strong>Post</strong></span> <span class='ocrx_word' id='word_1_59' title='bbox 1340 1416 1504 1488; x_wconf 90' lang='lat' dir='ltr'><strong>emissum</strong></span> <span class='ocrx_word' id='word_1_60' title='bbox 1517 1439 1603 1490; x_wconf 86' lang='lat' dir='ltr'><strong>vero</strong></span> <span class='ocrx_word' id='word_1_61' title='bbox 1617 1428 1734 1491; x_wconf 91' lang='lat' dir='ltr'><strong>nostre</strong></span> <span class='ocrx_word' id='word_1_62' title='bbox 1747 1420 1934 1512; x_wconf 83' lang='lat' dir='ltr'><strong>majestatis</strong></span> 
     </span>
     <span class='ocr_line' id='line_1_8' title="bbox 525 1538 1934 1634; baseline 0.004 -24"><span class='ocrx_word' id='word_1_63' title='bbox 525 1539 678 1612; x_wconf 92' lang='lat' dir='ltr'><strong>edictum</strong></span> <span class='ocrx_word' id='word_1_64' title='bbox 703 1540 747 1612; x_wconf 92' lang='lat' dir='ltr'><strong>de</strong></span> <span class='ocrx_word' id='word_1_65' title='bbox 770 1540 947 1634; x_wconf 85' lang='lat' dir='ltr'><strong>premissis</strong></span> <span class='ocrx_word' id='word_1_66' title='bbox 971 1539 1071 1612; x_wconf 84' lang='lat' dir='ltr'><strong>vobis</strong></span> <span class='ocrx_word' id='word_1_67' title='bbox 1099 1539 1145 1610; x_wconf 92' lang='lat' dir='ltr'><strong>ad</strong></span> <span class='ocrx_word' id='word_1_68' title='bbox 1164 1538 1329 1632; x_wconf 90' lang='lat' dir='ltr'><strong>gaudium</strong></span> <span class='ocrx_word' id='word_1_69' title='bbox 1352 1539 1609 1631; x_wconf 90' lang='lat' dir='ltr'><strong>describendis,</strong></span> <span class='ocrx_word' id='word_1_70' title='bbox 1629 1541 1748 1614; x_wconf 80' lang='lat' dir='ltr'><strong>literas</strong></span> <span class='ocrx_word' id='word_1_71' title='bbox 1772 1542 1934 1616; x_wconf 86' lang='lat' dir='ltr'><strong>Friderioi</strong></span> 
     </span>
     <span class='ocr_line' id='line_1_9' title="bbox 526 1661 1935 1758; baseline 0.004 -24"><span class='ocrx_word' id='word_1_72' title='bbox 526 1663 662 1737; x_wconf 86' lang='lat' dir='ltr'><strong>comitis</strong></span> <span class='ocrx_word' id='word_1_73' title='bbox 677 1663 765 1735; x_wconf 79' lang='lat' dir='ltr'><strong>Albe</strong></span> <span class='ocrx_word' id='word_1_74' title='bbox 782 1663 900 1735; x_wconf 89' lang='lat' dir='ltr'><strong>dilecti</strong></span> <span class='ocrx_word' id='word_1_75' title='bbox 915 1661 976 1735; x_wconf 89' lang='lat' dir='ltr'><strong>lilii</strong></span> <span class='ocrx_word' id='word_1_76' title='bbox 994 1663 1104 1736; x_wconf 89' lang='lat' dir='ltr'><strong>nostri</strong></span> <span class='ocrx_word' id='word_1_77' title='bbox 1127 1661 1334 1757; x_wconf 82' lang='lat' dir='ltr'><strong>recepimus,</strong></span> <span class='ocrx_word' id='word_1_78' title='bbox 1354 1664 1571 1736; x_wconf 74' lang='lat' dir='ltr'><strong>continentes</strong></span> <span class='ocrx_word' id='word_1_79' title='bbox 1589 1665 1739 1758; x_wconf 89' lang='lat' dir='ltr'><strong>qualiter</strong></span> <span class='ocrx_word' id='word_1_80' title='bbox 1754 1665 1791 1736; x_wconf 92' lang='lat' dir='ltr'><strong>in</strong></span> <span class='ocrx_word' id='word_1_81' title='bbox 1808 1665 1935 1738; x_wconf 81' lang='lat' dir='ltr'><strong>virtute</strong></span> 
     </span>
     <span class='ocr_line' id='line_1_10' title="bbox 525 1785 1933 1881; baseline 0.003 -23"><span class='ocrx_word' id='word_1_82' title='bbox 525 1787 587 1859; x_wconf 89' lang='lat' dir='ltr'><strong>Dei</strong></span> <span class='ocrx_word' id='word_1_83' title='bbox 604 1797 639 1859; x_wconf 91' lang='lat' dir='ltr'><strong>et</strong></span> <span class='ocrx_word' id='word_1_84' title='bbox 654 1797 771 1858; x_wconf 91' lang='lat' dir='ltr'><strong>nostre</strong></span> <span class='ocrx_word' id='word_1_85' title='bbox 786 1788 948 1859; x_wconf 81' lang='lat' dir='ltr'><strong>felicitate</strong></span> <span class='ocrx_word' id='word_1_86' title='bbox 967 1788 1105 1859; x_wconf 82' lang='lat' dir='ltr'><strong>fortune</strong></span> <span class='ocrx_word' id='word_1_87' title='bbox 1121 1795 1255 1881; x_wconf 89' lang='lat' dir='ltr'><strong>partem</strong></span> <span class='ocrx_word' id='word_1_88' title='bbox 1274 1785 1510 1881; x_wconf 90' lang='lat' dir='ltr'><strong>Guelphorum</strong></span> <span class='ocrx_word' id='word_1_89' title='bbox 1526 1789 1713 1877; x_wconf 84' lang='lat' dir='ltr'><strong>Florentio,</strong></span> <span class='ocrx_word' id='word_1_90' title='bbox 1729 1790 1786 1861; x_wconf 91' lang='lat' dir='ltr'><strong>cni</strong></span> <span class='ocrx_word' id='word_1_91' title='bbox 1803 1790 1933 1863; x_wconf 91' lang='lat' dir='ltr'><strong>dudum</strong></span> 
     </span>
     <span class='ocr_line' id='line_1_11' title="bbox 526 1909 1935 2007; baseline 0.001 -23"><span class='ocrx_word' id='word_1_92' title='bbox 526 1921 645 1984; x_wconf 92' lang='lat' dir='ltr'><strong>nostra</strong></span> <span class='ocrx_word' id='word_1_93' title='bbox 667 1912 829 2002; x_wconf 88' lang='lat' dir='ltr'><strong>majestas</strong></span> <span class='ocrx_word' id='word_1_94' title='bbox 851 1919 1070 2005; x_wconf 89' lang='lat' dir='ltr'><strong>pepercerat,</strong></span> <span class='ocrx_word' id='word_1_95' title='bbox 1089 1932 1168 1981; x_wconf 91' lang='lat' dir='ltr'><strong>cum</strong></span> <span class='ocrx_word' id='word_1_96' title='bbox 1183 1910 1277 2001; x_wconf 87' lang='lat' dir='ltr'><strong>juste</strong></span> <span class='ocrx_word' id='word_1_97' title='bbox 1293 1909 1339 1981; x_wconf 92' lang='lat' dir='ltr'><strong>ad</strong></span> <span class='ocrx_word' id='word_1_98' title='bbox 1355 1910 1462 2004; x_wconf 89' lang='lat' dir='ltr'><strong>ipsius</strong></span> <span class='ocrx_word' id='word_1_99' title='bbox 1480 1911 1725 1983; x_wconf 89' lang='lat' dir='ltr'><strong>exterminium</strong></span> <span class='ocrx_word' id='word_1_100' title='bbox 1746 1913 1935 2007; x_wconf 89' lang='lat' dir='ltr'><strong>pmcedere</strong></span> 
     </span>
     <span class='ocr_line' id='line_1_12' title="bbox 526 2033 1934 2133; baseline -0.001 -24"><span class='ocrx_word' id='word_1_101' title='bbox 526 2035 708 2133; x_wconf 90' lang='lat' dir='ltr'><strong>potuisset,</strong></span> <span class='ocrx_word' id='word_1_102' title='bbox 726 2056 794 2127; x_wconf 92' lang='lat' dir='ltr'><strong>que</strong></span> <span class='ocrx_word' id='word_1_103' title='bbox 818 2036 917 2106; x_wconf 91' lang='lat' dir='ltr'><strong>velut</strong></span> <span class='ocrx_word' id='word_1_104' title='bbox 941 2035 1116 2105; x_wconf 78' lang='lat' dir='ltr'><strong>familiaris</strong></span> <span class='ocrx_word' id='word_1_105' title='bbox 1139 2045 1174 2105; x_wconf 91' lang='lat' dir='ltr'><strong>et</strong></span> <span class='ocrx_word' id='word_1_106' title='bbox 1191 2033 1384 2129; x_wconf 92' lang='lat' dir='ltr'><strong>pestilentis</strong></span> <span class='ocrx_word' id='word_1_107' title='bbox 1402 2033 1588 2106; x_wconf 90' lang='lat' dir='ltr'><strong>cardinalis</strong></span> <span class='ocrx_word' id='word_1_108' title='bbox 1608 2035 1788 2107; x_wconf 80' lang='lat' dir='ltr'><strong>Octaviam</strong></span> <span class='ocrx_word' id='word_1_109' title='bbox 1809 2047 1934 2108; x_wconf 90' lang='lat' dir='ltr'><strong>tracta·</strong></span> 
     </span>
     <span class='ocr_line' id='line_1_13' title="bbox 525 2157 1934 2253; baseline 0.001 -23"><span class='ocrx_word' id='word_1_110' title='bbox 525 2161 617 2231; x_wconf 91' lang='lat' dir='ltr'><strong>tibus</strong></span> <span class='ocrx_word' id='word_1_111' title='bbox 640 2159 816 2253; x_wconf 85' lang='lat' dir='ltr'><strong>exposita,</strong></span> <span class='ocrx_word' id='word_1_112' title='bbox 841 2158 1116 2230; x_wconf 91' lang='lat' dir='ltr'><strong>Bononiensibus</strong></span> <span class='ocrx_word' id='word_1_113' title='bbox 1139 2158 1266 2231; x_wconf 91' lang='lat' dir='ltr'><strong>nostris</strong></span> <span class='ocrx_word' id='word_1_114' title='bbox 1288 2157 1523 2251; x_wconf 87' lang='lat' dir='ltr'><strong>proditoribus</strong></span> <span class='ocrx_word' id='word_1_115' title='bbox 1546 2158 1741 2249; x_wconf 89' lang='lat' dir='ltr'><strong>advocatis,</strong></span> <span class='ocrx_word' id='word_1_116' title='bbox 1760 2161 1934 2231; x_wconf 88' lang='lat' dir='ltr'><strong>civitatem</strong></span> 
     </span>
     <span class='ocr_line' id='line_1_14' title="bbox 525 2279 1933 2375; baseline 0.001 -22"><span class='ocrx_word' id='word_1_117' title='bbox 525 2281 697 2353; x_wconf 86' lang='lat' dir='ltr'><strong>Florentio</strong></span> <span class='ocrx_word' id='word_1_118' title='bbox 718 2303 781 2375; x_wconf 89' lang='lat' dir='ltr'><strong>per</strong></span> <span class='ocrx_word' id='word_1_119' title='bbox 806 2281 1006 2353; x_wconf 90' lang='lat' dir='ltr'><strong>intestinum</strong></span> <span class='ocrx_word' id='word_1_120' title='bbox 1031 2280 1162 2353; x_wconf 91' lang='lat' dir='ltr'><strong>bellum</strong></span> <span class='ocrx_word' id='word_1_121' title='bbox 1188 2281 1289 2352; x_wconf 91' lang='lat' dir='ltr'><strong>nobis</strong></span> <span class='ocrx_word' id='word_1_122' title='bbox 1311 2279 1516 2352; x_wconf 84' lang='lat' dir='ltr'><strong>subtrahere</strong></span> <span class='ocrx_word' id='word_1_123' title='bbox 1537 2280 1758 2372; x_wconf 82' lang='lat' dir='ltr'><strong>intendebat,</strong></span> <span class='ocrx_word' id='word_1_124' title='bbox 1781 2281 1933 2354; x_wconf 88' lang='lat' dir='ltr'><strong>fidelium</strong></span> 
     </span>
     <span class='ocr_line' id='line_1_15' title="bbox 526 2404 1930 2502; baseline 0.001 -26"><span class='ocrx_word' id='word_1_125' title='bbox 526 2417 724 2478; x_wconf 92' lang='lat' dir='ltr'><strong>nostrorum</strong></span> <span class='ocrx_word' id='word_1_126' title='bbox 752 2405 991 2477; x_wconf 86' lang='lat' dir='ltr'><strong>assistentibus</strong></span> <span class='ocrx_word' id='word_1_127' title='bbox 1016 2405 1081 2476; x_wconf 91' lang='lat' dir='ltr'><strong>sibi</strong></span> <span class='ocrx_word' id='word_1_128' title='bbox 1108 2404 1278 2496; x_wconf 85' lang='lat' dir='ltr'><strong>suffragiis</strong></span> <span class='ocrx_word' id='word_1_129' title='bbox 1302 2404 1511 2494; x_wconf 87' lang='lat' dir='ltr'><strong>debellavit,</strong></span> <span class='ocrx_word' id='word_1_130' title='bbox 1539 2415 1575 2476; x_wconf 89' lang='lat' dir='ltr'><strong>et</strong></span> <span class='ocrx_word' id='word_1_131' title='bbox 1602 2406 1779 2478; x_wconf 93' lang='lat' dir='ltr'><strong>nonnullis</strong></span> <span class='ocrx_word' id='word_1_132' title='bbox 1806 2407 1930 2502; x_wconf 91' lang='lat' dir='ltr'><strong>captis,</strong></span> 
     </span>
     <span class='ocr_line' id='line_1_16' title="bbox 527 2524 1934 2625; baseline 0.001 -24"><span class='ocrx_word' id='word_1_133' title='bbox 527 2528 696 2623; x_wconf 85' lang='lat' dir='ltr'><strong>quosdam</strong></span> <span class='ocrx_word' id='word_1_134' title='bbox 714 2528 757 2599; x_wconf 93' lang='lat' dir='ltr'><strong>de</strong></span> <span class='ocrx_word' id='word_1_135' title='bbox 770 2528 909 2600; x_wconf 89' lang='lat' dir='ltr'><strong>civitate</strong></span> <span class='ocrx_word' id='word_1_136' title='bbox 922 2528 996 2623; x_wconf 90' lang='lat' dir='ltr'><strong>ipsa</strong></span> <span class='ocrx_word' id='word_1_137' title='bbox 1011 2528 1182 2598; x_wconf 92' lang='lat' dir='ltr'><strong>violenter</strong></span> <span class='ocrx_word' id='word_1_138' title='bbox 1197 2527 1299 2619; x_wconf 85' lang='lat' dir='ltr'><strong>ejecit</strong></span> <span class='ocrx_word' id='word_1_139' title='bbox 1312 2524 1379 2624; x_wconf 87' lang='lat' dir='ltr'><strong>(l).</strong></span> <span class='ocrx_word' id='word_1_140' title='bbox 1395 2528 1448 2599; x_wconf 85' lang='lat' dir='ltr'><strong>Ex</strong></span> <span class='ocrx_word' id='word_1_141' title='bbox 1463 2549 1533 2620; x_wconf 91' lang='lat' dir='ltr'><strong>quo</strong></span> <span class='ocrx_word' id='word_1_142' title='bbox 1550 2529 1654 2601; x_wconf 93' lang='lat' dir='ltr'><strong>totius</strong></span> <span class='ocrx_word' id='word_1_143' title='bbox 1671 2529 1848 2625; x_wconf 88' lang='lat' dir='ltr'><strong>provincie</strong></span> <span class='ocrx_word' id='word_1_144' title='bbox 1865 2541 1934 2602; x_wconf 88' lang='lat' dir='ltr'><strong>sta·</strong></span> 
     </span>
     <span class='ocr_line' id='line_1_17' title="bbox 528 2648 1933 2741; baseline 0 -18"><span class='ocrx_word' id='word_1_145' title='bbox 528 2663 583 2724; x_wconf 90' lang='lat' dir='ltr'><strong>tus</strong></span> <span class='ocrx_word' id='word_1_146' title='bbox 599 2653 634 2722; x_wconf 96' lang='lat' dir='ltr'><strong>in</strong></span> <span class='ocrx_word' id='word_1_147' title='bbox 656 2653 780 2722; x_wconf 91' lang='lat' dir='ltr'><strong>melius</strong></span> <span class='ocrx_word' id='word_1_148' title='bbox 797 2653 871 2723; x_wconf 91' lang='lat' dir='ltr'><strong>sine</strong></span> <span class='ocrx_word' id='word_1_149' title='bbox 888 2651 1105 2723; x_wconf 87' lang='lat' dir='ltr'><strong>dubitatione</strong></span> <span class='ocrx_word' id='word_1_150' title='bbox 1125 2651 1297 2741; x_wconf 79' lang='lat' dir='ltr'><strong>dirigitur,</strong></span> <span class='ocrx_word' id='word_1_151' title='bbox 1316 2661 1351 2722; x_wconf 92' lang='lat' dir='ltr'><strong>et</strong></span> <span class='ocrx_word' id='word_1_152' title='bbox 1370 2648 1525 2723; x_wconf 89' lang='lat' dir='ltr'><strong>fidelium</strong></span> <span class='ocrx_word' id='word_1_153' title='bbox 1542 2653 1649 2724; x_wconf 89' lang='lat' dir='ltr'><strong>animi</strong></span> <span class='ocrx_word' id='word_1_154' title='bbox 1670 2653 1714 2724; x_wconf 90' lang='lat' dir='ltr'><strong>ad</strong></span> <span class='ocrx_word' id='word_1_155' title='bbox 1733 2651 1933 2725; x_wconf 87' lang='lat' dir='ltr'><strong>fidelitatem</strong></span> 
     </span>
     <span class='ocr_line' id='line_1_18' title="bbox 526 2770 1933 2861; baseline 0.001 -18"><span class='ocrx_word' id='word_1_156' title='bbox 526 2785 681 2845; x_wconf 84' lang='lat' dir='ltr'><strong>nostram</strong></span> <span class='ocrx_word' id='word_1_157' title='bbox 698 2772 818 2844; x_wconf 86' lang='lat' dir='ltr'><strong>lortius</strong></span> <span class='ocrx_word' id='word_1_158' title='bbox 833 2772 1055 2844; x_wconf 89' lang='lat' dir='ltr'><strong>roborantur.</strong></span> <span class='ocrx_word' id='word_1_159' title='bbox 1076 2771 1147 2841; x_wconf 87' lang='lat' dir='ltr'><strong>Hec</strong></span> <span class='ocrx_word' id='word_1_160' title='bbox 1162 2770 1266 2861; x_wconf 88' lang='lat' dir='ltr'><strong>igitur</strong></span> <span class='ocrx_word' id='word_1_161' title='bbox 1282 2770 1470 2842; x_wconf 87' lang='lat' dir='ltr'><strong>letabuude</strong></span> <span class='ocrx_word' id='word_1_162' title='bbox 1486 2781 1604 2844; x_wconf 91' lang='lat' dir='ltr'><strong>nostre</strong></span> <span class='ocrx_word' id='word_1_163' title='bbox 1621 2773 1816 2844; x_wconf 88' lang='lat' dir='ltr'><strong>serenitatis</strong></span> <span class='ocrx_word' id='word_1_164' title='bbox 1831 2773 1933 2845; x_wconf 89' lang='lat' dir='ltr'><strong>xenia</strong></span> 
     </span>
    </p>
   </div>
   <div class='ocr_carea' id='block_1_3' title="bbox 527 2893 1936 3236">
    <p class='ocr_par' dir='ltr' id='par_1_3' title="bbox 527 2893 1936 3236">
     <span class='ocr_line' id='line_1_19' title="bbox 527 2893 1936 2991; baseline 0 -23"><span class='ocrx_word' id='word_1_165' title='bbox 527 2896 675 2968; x_wconf 89' lang='lat' dir='ltr'><strong>fidelitas</strong></span> <span class='ocrx_word' id='word_1_166' title='bbox 688 2905 803 2967; x_wconf 92' lang='lat' dir='ltr'><strong>vestra</strong></span> <span class='ocrx_word' id='word_1_167' title='bbox 816 2895 1009 2988; x_wconf 82' lang='lat' dir='ltr'><strong>gaudenter</strong></span> <span class='ocrx_word' id='word_1_168' title='bbox 1021 2895 1180 2990; x_wconf 91' lang='lat' dir='ltr'><strong>accipiat,</strong></span> <span class='ocrx_word' id='word_1_169' title='bbox 1195 2893 1431 2967; x_wconf 89' lang='lat' dir='ltr'><strong>indubitanter</strong></span> <span class='ocrx_word' id='word_1_170' title='bbox 1449 2906 1640 2991; x_wconf 84' lang='lat' dir='ltr'><strong>expectans</strong></span> <span class='ocrx_word' id='word_1_171' title='bbox 1655 2897 1750 2990; x_wconf 89' lang='lat' dir='ltr'><strong>quod</strong></span> <span class='ocrx_word' id='word_1_172' title='bbox 1765 2899 1826 2990; x_wconf 89' lang='lat' dir='ltr'><strong>qui</strong></span> <span class='ocrx_word' id='word_1_173' title='bbox 1839 2897 1936 2970; x_wconf 88' lang='lat' dir='ltr'><strong>dedit</strong></span> 
     </span>
     <span class='ocr_line' id='line_1_20' title="bbox 527 3017 1936 3116; baseline -0.001 -23"><span class='ocrx_word' id='word_1_174' title='bbox 527 3021 628 3093; x_wconf 91' lang='lat' dir='ltr'><strong>nobis</strong></span> <span class='ocrx_word' id='word_1_175' title='bbox 649 3019 816 3090; x_wconf 91' lang='lat' dir='ltr'><strong>hactenus</strong></span> <span class='ocrx_word' id='word_1_176' title='bbox 838 3017 983 3089; x_wconf 81' lang='lat' dir='ltr'><strong>feliciter</strong></span> <span class='ocrx_word' id='word_1_177' title='bbox 1001 3039 1139 3088; x_wconf 88' lang='lat' dir='ltr'><strong>currere</strong></span> <span class='ocrx_word' id='word_1_178' title='bbox 1163 3039 1226 3112; x_wconf 92' lang='lat' dir='ltr'><strong>per</strong></span> <span class='ocrx_word' id='word_1_179' title='bbox 1243 3040 1417 3090; x_wconf 88' lang='lat' dir='ltr'><strong>summum</strong></span> <span class='ocrx_word' id='word_1_180' title='bbox 1434 3020 1608 3113; x_wconf 88' lang='lat' dir='ltr'><strong>spacium,</strong></span> <span class='ocrx_word' id='word_1_181' title='bbox 1625 3019 1662 3090; x_wconf 96' lang='lat' dir='ltr'><strong>in</strong></span> <span class='ocrx_word' id='word_1_182' title='bbox 1678 3021 1837 3116; x_wconf 85' lang='lat' dir='ltr'><strong>proximo</strong></span> <span class='ocrx_word' id='word_1_183' title='bbox 1854 3021 1936 3093; x_wconf 91' lang='lat' dir='ltr'><strong>bra·</strong></span> 
     </span>
     <span class='ocr_line' id='line_1_21' title="bbox 527 3141 979 3236; baseline -0.009 -21"><span class='ocrx_word' id='word_1_184' title='bbox 527 3146 623 3216; x_wconf 86' lang='lat' dir='ltr'><strong>vium</strong></span> <span class='ocrx_word' id='word_1_185' title='bbox 636 3143 785 3236; x_wconf 80' lang='lat' dir='ltr'><strong>gratiose</strong></span> <span class='ocrx_word' id='word_1_186' title='bbox 803 3141 979 3234; x_wconf 81' lang='lat' dir='ltr'><strong>largietur.</strong></span> 
     </span>
    </p>
   </div>
   <div class='ocr_carea' id='block_1_4' title="bbox 1276 3430 1727 3440">
    <p class='ocr_par' dir='ltr' id='par_1_4' title="bbox 1276 3430 1727 3440">
     <span class='ocr_line' id='line_1_22' title="bbox 1276 3430 1727 3440; baseline 0.004 -2"><span class='ocrx_word' id='word_1_187' title='bbox 1276 3430 1727 3440; x_wconf 52' lang='grc' dir='ltr'><strong>σ-ο--Η-ο-...α--σ-ιι--ο</strong></span> 
     </span>
    </p>
   </div>
   <div class='ocr_carea' id='block_1_5' title="bbox 376 3694 1935 4203">
    <p class='ocr_par' dir='ltr' id='par_1_5' title="bbox 376 3694 1935 4203">
     <span class='ocr_line' id='line_1_23' title="bbox 376 3694 1934 3810; baseline -0.001 -32"><span class='ocrx_word' id='word_1_188' title='bbox 376 3723 429 3756; x_wconf 68' lang='lat'><strong>0³²</strong></span> <span class='ocrx_word' id='word_1_189' title='bbox 450 3725 477 3810; x_wconf 37' lang='grc' dir='ltr'><strong>,ο</strong></span> <span class='ocrx_word' id='word_1_190' title='bbox 582 3696 808 3804; x_wconf 90' lang='lat' dir='ltr'><strong>Fridericus,</strong></span> <span class='ocrx_word' id='word_1_191' title='bbox 832 3695 1093 3779; x_wconf 90' lang='lat' dir='ltr'><strong>Romanorum</strong></span> <span class='ocrx_word' id='word_1_192' title='bbox 1112 3697 1332 3806; x_wconf 88' lang='lat' dir='ltr'><strong>imperator,</strong></span> <span class='ocrx_word' id='word_1_193' title='bbox 1352 3695 1579 3779; x_wconf 88' lang='lat' dir='ltr'><strong>Florentinis</strong></span> <span class='ocrx_word' id='word_1_194' title='bbox 1597 3695 1812 3806; x_wconf 88' lang='lat' dir='ltr'><strong>gratulatur</strong></span> <span class='ocrx_word' id='word_1_195' title='bbox 1829 3694 1934 3802; x_wconf 91' lang='lat' dir='ltr'><strong>quod</strong></span> 
     </span>
     <span class='ocr_line' id='line_1_24' title="bbox 529 3825 1935 3938; baseline -0.003 -27"><span class='ocrx_word' id='word_1_196' title='bbox 529 3831 567 3911; x_wconf 92' lang='lat' dir='ltr'><strong>in</strong></span> <span class='ocrx_word' id='word_1_197' title='bbox 593 3829 756 3938; x_wconf 87' lang='lat' dir='ltr'><strong>gratiam</strong></span> <span class='ocrx_word' id='word_1_198' title='bbox 778 3855 886 3911; x_wconf 89' lang='lat' dir='ltr'><strong>suam</strong></span> <span class='ocrx_word' id='word_1_199' title='bbox 905 3829 1100 3934; x_wconf 87' lang='lat' dir='ltr'><strong>redierint,</strong></span> <span class='ocrx_word' id='word_1_200' title='bbox 1118 3831 1306 3911; x_wconf 90' lang='lat' dir='ltr'><strong>mandans</strong></span> <span class='ocrx_word' id='word_1_201' title='bbox 1328 3839 1371 3911; x_wconf 89' lang='lat' dir='ltr'><strong>ut</strong></span> <span class='ocrx_word' id='word_1_202' title='bbox 1393 3827 1572 3912; x_wconf 88' lang='lat' dir='ltr'><strong>obediant</strong></span> <span class='ocrx_word' id='word_1_203' title='bbox 1593 3827 1781 3934; x_wconf 90' lang='lat' dir='ltr'><strong>filiosuo,</strong></span> <span class='ocrx_word' id='word_1_204' title='bbox 1801 3825 1935 3908; x_wconf 91' lang='lat' dir='ltr'><strong>Fride-</strong></span> 
     </span>
     <span class='ocr_line' id='line_1_25' title="bbox 529 3959 1934 4071; baseline -0.003 -27"><span class='ocrx_word' id='word_1_205' title='bbox 529 3965 607 4046; x_wconf 93' lang='lat' dir='ltr'><strong>rico</strong></span> <span class='ocrx_word' id='word_1_206' title='bbox 632 3965 680 4044; x_wconf 89' lang='lat' dir='ltr'><strong>de</strong></span> <span class='ocrx_word' id='word_1_207' title='bbox 706 3962 917 4062; x_wconf 84' lang='lat' dir='ltr'><strong>Antiochia,</strong></span> <span class='ocrx_word' id='word_1_208' title='bbox 944 3987 1058 4071; x_wconf 87' lang='lat' dir='ltr'><strong>quem</strong></span> <span class='ocrx_word' id='word_1_209' title='bbox 1082 3963 1194 4044; x_wconf 92' lang='lat' dir='ltr'><strong>eisin</strong></span> <span class='ocrx_word' id='word_1_210' title='bbox 1213 3971 1435 4070; x_wconf 81' lang='lat' dir='ltr'><strong>potestatem</strong></span> <span class='ocrx_word' id='word_1_211' title='bbox 1461 3962 1577 4045; x_wconf 88' lang='lat' dir='ltr'><strong>mittit</strong></span> <span class='ocrx_word' id='word_1_212' title='bbox 1600 3961 1712 4070; x_wconf 90' lang='lat' dir='ltr'><strong>quasi</strong></span> <span class='ocrx_word' id='word_1_213' title='bbox 1736 3959 1934 4070; x_wconf 83' lang='lat' dir='ltr'><strong>imagina-</strong></span> 
     </span>
     <span class='ocr_line' id='line_1_26' title="bbox 528 4081 1037 4203; baseline -0.004 -25"><span class='ocrx_word' id='word_1_214' title='bbox 528 4095 629 4178; x_wconf 92' lang='lat' dir='ltr'><strong>rium</strong></span> <span class='ocrx_word' id='word_1_215' title='bbox 648 4120 831 4203; x_wconf 91' lang='lat' dir='ltr'><strong>personae</strong></span> <span class='ocrx_word' id='word_1_216' title='bbox 849 4119 953 4176; x_wconf 89' lang='lat' dir='ltr'><strong>suae.</strong></span> <span class='ocrx_word' id='word_1_217' title='bbox 1032 4081 1037 4090; x_wconf 65' lang='grc'>’</span> 
     </span>
    </p>
   </div>
   <div class='ocr_carea' id='block_1_6' title="bbox 572 4271 1250 4362">
    <p class='ocr_par' dir='ltr' id='par_1_6' title="bbox 572 4271 1250 4362">
     <span class='ocr_line' id='line_1_27' title="bbox 572 4271 1250 4362; baseline 0 -20"><span class='ocrx_word' id='word_1_218' title='bbox 572 4283 612 4362; x_wconf 82' lang='lat' dir='ltr'><strong>(a)</strong></span> <span class='ocrx_word' id='word_1_219' title='bbox 634 4284 670 4343; x_wconf 94' lang='lat' dir='ltr'><strong>ln</strong></span> <span class='ocrx_word' id='word_1_220' title='bbox 685 4285 825 4360; x_wconf 83' lang='lat' dir='ltr'><strong>impresso</strong></span> <span class='ocrx_word' id='word_1_221' title='bbox 838 4279 1048 4357; x_wconf 67' lang='lat' dir='ltr'><strong>Sacoiendbu,</strong></span> <span class='ocrx_word' id='word_1_222' title='bbox 1063 4281 1148 4342; x_wconf 84' lang='lat' dir='ltr'><strong>male</strong></span> <span class='ocrx_word' id='word_1_223' title='bbox 1244 4271 1250 4284; x_wconf 87' lang='grc'><strong>’</strong></span> 
     </span>
    </p>
   </div>
   <div class='ocr_carea' id='block_1_7' title="bbox 529 4553 1934 4830">
    <p class='ocr_par' dir='ltr' id='par_1_7' title="bbox 529 4553 1934 4830">
     <span class='ocr_line' id='line_1_28' title="bbox 565 4553 1934 4632; baseline -0.002 -20"><span class='ocrx_word' id='word_1_224' title='bbox 565 4559 601 4632; x_wconf 83' lang='lat' dir='ltr'><strong>(t)</strong></span> <span class='ocrx_word' id='word_1_225' title='bbox 620 4561 636 4616; x_wconf 79' lang='lat'>2</span> <span class='ocrx_word' id='word_1_226' title='bbox 650 4557 778 4614; x_wconf 84' lang='lat' dir='ltr'><strong>kalendas</strong></span> <span class='ocrx_word' id='word_1_227' title='bbox 793 4555 921 4614; x_wconf 76' lang='lat' dir='ltr'><strong>februarii</strong></span> <span class='ocrx_word' id='word_1_228' title='bbox 940 4555 1027 4630; x_wconf 78' lang='lat' dir='ltr'><strong>(tals)</strong></span> <span class='ocrx_word' id='word_1_229' title='bbox 1040 4555 1198 4629; x_wconf 80' lang='lat' dir='ltr'><strong>Frederigus</strong></span> <span class='ocrx_word' id='word_1_230' title='bbox 1211 4553 1282 4613; x_wconf 86' lang='lat' dir='ltr'><strong>filius</strong></span> <span class='ocrx_word' id='word_1_231' title='bbox 1296 4554 1431 4614; x_wconf 81' lang='lat' dir='ltr'><strong>Frederici</strong></span> <span class='ocrx_word' id='word_1_232' title='bbox 1445 4554 1617 4630; x_wconf 86' lang='lat' dir='ltr'><strong>imperatoris</strong></span> <span class='ocrx_word' id='word_1_233' title='bbox 1630 4553 1740 4612; x_wconf 82' lang='lat' dir='ltr'><strong>intrarit</strong></span> <span class='ocrx_word' id='word_1_234' title='bbox 1755 4553 1934 4626; x_wconf 77' lang='lat' dir='ltr'><strong>Florentiam,</strong></span> 
     </span>
     <span class='ocr_line' id='line_1_29' title="bbox 529 4649 1934 4729; baseline -0.004 -16"><span class='ocrx_word' id='word_1_235' title='bbox 529 4650 1421 4729; x_wconf 82' lang='lat' dir='ltr'><strong>maximeparteGnellorumiugataetipsorumturribusetpelatiis</strong></span> <span class='ocrx_word' id='word_1_236' title='bbox 1430 4649 1934 4721; x_wconf 62' lang='lat' dir='ltr'><strong>mndttmeversisotttuansmem,</strong></span> 
     </span>
     <span class='ocr_line' id='line_1_30' title="bbox 529 4750 1125 4830; baseline -0.008 -18"><span class='ocrx_word' id='word_1_237' title='bbox 529 4769 575 4830; x_wconf 89' lang='lat' dir='ltr'><strong>ap.</strong></span> <span class='ocrx_word' id='word_1_238' title='bbox 588 4753 712 4826; x_wconf 81' lang='lat' dir='ltr'><strong>Ozmau,</strong></span> <span class='ocrx_word' id='word_1_239' title='bbox 730 4754 897 4826; x_wconf 80' lang='lat' dir='ltr'><strong>Documenta,</strong></span> <span class='ocrx_word' id='word_1_240' title='bbox 911 4767 937 4825; x_wconf 96' lang='lat' dir='ltr'><strong>p.</strong></span> <span class='ocrx_word' id='word_1_241' title='bbox 954 4753 1006 4808; x_wconf 75' lang='grc'><strong>495</strong></span> <span class='ocrx_word' id='word_1_242' title='bbox 1018 4755 1045 4809; x_wconf 87' lang='lat' dir='ltr'><strong>et</strong></span> <span class='ocrx_word' id='word_1_243' title='bbox 1057 4750 1125 4809; x_wconf 80' lang='lat' dir='ltr'><strong>suiv.</strong></span> 
     </span>
    </p>
   </div>
   <div class='ocr_carea' id='block_1_8' title="bbox 0 0 2182 5940">
    <p class='ocr_par' dir='ltr' id='par_1_8' title="bbox 0 0 2182 5940">
     <span class='ocr_line' id='line_1_31' title="bbox 0 0 2182 5940; baseline 0 0"><span class='ocrx_word' id='word_1_244' title='bbox 0 0 2182 5940; x_wconf 95' lang='lat' dir='ltr'><strong> </strong></span> 
     </span>
    </p>
   </div>
  </div>
 </body>
</html>
