4352 5940
474 579 536 642 olo
973 589 1183 655 intonaret
1208 589 1379 655 SECUNDI
1691 591 1774 675 [Anu.
1791 589 1879 653 1248.

475 719 624 794 nominis
648 723 775 796 virtute
797 723 942 798 viriliter
963 730 1190 823 expugnavit.
1211 730 1268 801 lix
1288 729 1415 824 quibus
1435 736 1577 801 centurn
1599 738 1637 800 et
1656 727 1750 799 ultra
1765 726 1881 820 gladio

475 845 619 919 victorie
635 850 842 945 peremptis,
859 853 1041 945 sexaginta
1062 854 1108 927 de
1125 853 1326 927 melioribus
1341 875 1442 926 casus
1460 853 1519 924 ille
1538 852 1588 924 sic
1607 852 1742 924 subitus
1762 861 1882 925 nostro

475 972 605 1043 carceri
621 974 883 1066 aggregavitln
897 978 996 1069 cnjus
1011 978 1116 1050 etiam
1132 978 1227 1051 cedis
1240 975 1602 1070 excidi0‚quodvobis
1616 976 1821 1048 nunciamus
1835 979 1882 1052 ad

473 1093 659 1188 gaudium,
675 1097 773 1168 illum
796 1099 966 1173 famosum
980 1113 1016 1173 et
1028 1101 1210 1196 antiquum
1225 1101 1437 1197 proditorem
1457 1109 1615 1173 nostrum
1638 1097 1877 1174 Bernhardum

476 1219 853 1316 Orlandillussi,hujus
863 1246 951 1320 pape
965 1227 1148 1316 sororium,
1157 1226 1261 1300 totins
1275 1225 1384 1323 partis
1393 1225 1541 1298 adverse
1552 1233 1658 1320 caput
1668 1234 1704 1296 et
1717 1223 1876 1312 caudam,

476 1344 547 1417 imo
576 1347 679 1418 totins
703 1347 860 1420 factionis
882 1351 979 1422 ltalie
1006 1359 1235 1445 patratorem,
1251 1350 1388 1423 vindice
1412 1370 1578 1422 mucrone
1602 1348 1769 1421 noveritis
1789 1347 1880 1422 ceci·

476 1468 568 1541 disse
585 1467 654 1568 (l).
669 1472 725 1544 Ex
744 1494 815 1565 qno
830 1473 931 1546 nobis
948 1473 1074 1547 fiducia
1091 1476 1165 1567 jam
1181 1472 1281 1546 lirma
1302 1473 1513 1569 pmmittitur
1530 1471 1627 1567 quod
1647 1472 1802 1566 nequitie
1820 1493 1879 1545 ca·

474 1594 546 1688 pite
564 1596 700 1668 sublato
714 1598 758 1669 de
773 1598 903 1687 medic,
921 1599 1099 1688 membris,
1117 1621 1185 1692 que
1202 1599 1278 1694 ipso
1293 1598 1430 1694 preside
1448 1593 1679 1693 palpitabaiil,
1693 1618 1773 1693 spes
1791 1619 1878 1691 que·

473 1716 559 1790 libet
573 1719 766 1793 resistentie
779 1721 824 1794 de
837 1732 955 1795 cetero
968 1719 1227 1819 decidatur-(2).

1392 2023 1667 2033 -—-—-—--

523 2287 764 2374 Innocentius
789 2315 888 2400 papa
908 2292 957 2373 nd
982 2289 1176 2401 querelam
1206 2289 1369 2375 Conradi
1392 2289 1540 2374 comitis
1567 2290 1615 2372 de
1641 2285 1876 2398 Wasseburg

471 2422 743 2532 crucesignati,
767 2424 951 2534 episcopis
982 2423 1162 2508 Bavariae
1190 2421 1350 2506 mandat
1379 2425 1484 2534 qued
1512 2423 1648 2506 ducem
1673 2422 1872 2524 navariae,

471 2579 628 2638 uxorem
654 2566 692 2638 et
711 2555 810 2639 filios
828 2556 911 2667 ejus
929 2557 1099 2668 aliosque
1116 2557 1272 2639 comites
1289 2568 1327 2639 et
1352 2555 1515 2662 nobiles,
1539 2555 1717 2640 Friderici
1740 2577 1874 2665 qnon-

471 2688 562 2771 dam
594 2687 831 2797 imperatoris
867 2688 1054 2797 fautores,
1089 2690 1156 2800 qui
1192 2701 1317 2772 cestra
1348 2699 1385 2772 et
1417 2689 1674 2798 possessiones
1704 2687 1874 2798 ejusdem

470 2820 619 2904 comitis
641 2819 880 2927 invaserunt,
900 2849 968 2933 per
986 2823 1190 2907 sententias
1208 2821 1608 2907 excommunicationis
1629 2833 1666 2906 et
1688 2821 1874 2905 interdicti

469 2965 676 3038 coerceant.

551 3159 646 3238 (ttult.
660 3177 708 3238 ap.
723 3159 990 3243 licentissime,
1001 3179 1073 3224 nnn.
1092 3171 1181 3240 test,
1196 3179 1227 3240 p.
1244 3161 1328 3241 tto.)

520 3329 740 3402 Innocentius
752 3328 803 3427 (a)
824 3329 1019 3428 episcopus,
1035 3351 1156 3404 servus
1170 3350 1349 3404 servorum
1360 3329 1436 3423 Dei,
1449 3325 1706 3404 venerabilibus
1714 3326 1874 3401 iratribus

512 3491 552 3572 (a)
575 3494 610 3553 In
623 3497 763 3570 impresso
779 3493 943 3574 creantem,
958 3495 1043 3556 mole.

505 3731 541 3804 (4)
562 3733 633 3790 «Die
642 3733 712 3806 jovis
727 3733 790 3790 Xlll
805 3739 918 3790 exeunte
930 3733 1042 3804 martio,
1058 3733 1175 3790 marchio
1188 3736 1290 3791 Lancea
1301 3749 1365 3790 cum
1378 3733 1470 3790 militia
1482 3732 1651 3806 imperatoris
1664 3732 1793 3806 equiorit
1804 3732 1873 3788 ultra

469 3829 655 3887 llnmen'larii
671 3829 833 3904 inpartibus
850 3831 949 3904 Colligit
966 3839 1148 3904 ceperuntque
1167 3831 1332 3888 Bemardnm
1353 3829 1463 3889 Rolandi
1483 3829 1568 3888 Rubei
1587 3835 1616 3887 et
1633 3829 1699 3888 alios
1714 3828 1760 3903 qui
1776 3843 1872 3887 versus

467 3929 621 3988 Furnovum
634 3929 799 4004 equitabant,
810 3929 953 4004 ipsumque
969 3928 1134 3986 liemardnm
1149 3927 1246 3987 milites
1263 3929 1432 4004 imperatoris
1447 3928 1675 3986 detruncaverunt
1691 3927 1720 3983 in
1736 3941 1840 4002 campo.
1857 3943 1870 3980 ι

469 4026 593 4086 timonio.
607 4026 640 4084 de
650 4027 705 4084 reb.
720 4030 751 4084 tn
764 4028 827 4084 ltnl.
843 4033 923 4100 ytst„
934 4044 964 4101 p.
980 4029 1043 4084 tte.

504 4127 541 4196 (2)
560 4125 645 4184 Adest
657 4142 700 4200 ap.
714 4125 799 4196 llahn,
813 4140 894 4198 opere
907 4125 1087 4199 praelaudato,
1101 4123 1175 4182 nott.
1186 4125 1299 4198 pontis.³
1313 4137 1343 4180 n⁰
1354 4125 1399 4195 et,
1412 4141 1441 4199 p.
1456 4126 1523 4197 465,
1535 4123 1620 4181 eltera
1629 4121 1775 4180 innocentii
1788 4137 1871 4196 pupae

467 4223 502 4280 ed
514 4223 694 4280 Bononienses
704 4223 816 4296 epistole
825 4239 879 4295 qua
892 4223 950 4280 illos
961 4223 1084 4280 hortatur
1099 4223 1132 4280 ed
1145 4222 1325 4280 defensionem
1339 4223 1450 4278 Parmae
1462 4227 1490 4279 et
1502 4221 1537 4279 nd
1550 4219 1732 4278 remissionem
1743 4234 1871 4293 quorum·

466 4321 529 4378 dnm
542 4319 719 4394 imperialium
733 4321 898 4394 captivorum
909 4322 956 4395 qui
971 4321 999 4378 in
1016 4327 1143 4378 excentro
1155 4319 1339 4378 Parmensium
1352 4320 1515 4378 relaxentur.
1529 4317 1602 4377 licet
1613 4317 1640 4375 in
1650 4315 1701 4376 hac
1713 4315 1825 4392 epistola
1836 4316 1871 4373 de

467 4417 602 4476 Bernardc
615 4421 715 4476 mentio
733 4433 787 4474 non
803 4417 863 4489 fiet,
881 4418 916 4475 ed
935 4418 1015 4474 iatam
1032 4417 1216 4476 Parmensium
1236 4417 1338 4474 cladem
1351 4417 1486 4490 pertinere
1499 4415 1605 4474 ridetur
1617 4431 1650 4472 ex
1664 4415 1730 4489 ipsis
1742 4429 1812 4488 qtree
1824 4429 1867 4471 se·

467 4521 586 4589 qnnntur
597 4517 688 4574 verbis
701 4535 707 4572 ι
721 4536 734 4569 «
747 4517 787 4572 De
798 4515 896 4574 cirium
904 4516 1011 4590 jactura
1022 4515 1204 4572 Parmensium
1214 4530 1295 4588 quem
1306 4531 1393 4589 nuper
1405 4513 1494 4570 intulit
1503 4513 1545 4572 ris
1554 4512 1661 4570 hostilis
1675 4553 1683 4568 .
1697 4550 1725 4570 ..
1740 4511 1775 4569 ab
1788 4510 1869 4568 atilio

466 4613 539 4670 tione
554 4613 646 4687 populi
661 4613 701 4670 sic
717 4612 801 4671 attriti
819 4612 913 4671 ...ad
931 4612 1124 4686 resurgendum
1140 4612 1175 4670 de
1188 4612 1307 4687 presenti
1324 4611 1402 4670 ruina
1422 4627 1536 4686 quorum
1555 4609 1746 4684 (captivorum)
1765 4607 1869 4666 deiectu

466 4709 928 4784 ingravepericulumcivitesipea
938 4689 1161 4781 conciditetc.»
1528 4733 1531 4740 ·
