4306 5914
219 621 319 680 lmrrr.
335 619 381 696 Ἰ.]
658 611 855 678 lllslolllt
879 605 1177 674 ulrnollerlca
1561 605 1621 672 681

219 763 255 826 et
269 774 328 825 aas
342 749 592 825 sententialiter
607 747 792 822 decidendi
808 749 912 846 plena
929 759 964 820 at
977 747 1086 820 libera
1101 743 1147 818 sit
1161 740 1320 814 facultas.
1337 739 1430 813 Nulli
1448 762 1533 835 crgo
1549 765 1626 816 om·

219 878 302 950 nino
318 876 495 949 hominum
519 874 622 947 liceat
638 872 705 946 hec
727 883 845 946 nostra
861 882 1029 970 perpetua
1044 879 1172 942 statuta
1188 865 1375 958 infringam
1393 867 1448 938 vol
1466 867 1517 940 eis
1536 888 1624 942 ausu

219 1001 374 1097 quolibet
392 999 575 1074 contraire.
594 999 630 1070 Si
648 998 727 1092 quis
741 1010 859 1072 autem
876 1006 1082 1092 attemptare
1095 991 1355 1091 presumpserit,
1370 989 1468 1084 gravi
1484 1011 1573 1087 pena
1588 1013 1626 1064 sc

218 1126 355 1200 noverit
369 1125 642 1220 percellendum.

264 1251 392 1322 Datum
408 1248 586 1343 Lugduni,
601 1243 761 1344 sextula)
775 1245 854 1320 idus
872 1235 1083 1337 decembris,
1101 1239 1320 1339 pontificatus
1337 1239 1446 1313 nostri
1459 1253 1553 1313 anno
1564 1241 1619 1315 Vl.
1702 1341 1703 1346 Ἰ

269 1874 511 1959 Innocentius
539 1899 639 1984 pepe
662 1872 761 1959 cives
788 1872 985 1982 Aquenses
1016 1872 1258 1956 commendet
1283 1871 1387 1981 quod
1418 1871 1469 1954 ed
1496 1871 1621 1954 devo·
1657 1887 1814 1990 ,Μ’

216 2008 360 2092 tionem
400 2007 587 2090 Ecclesiae
626 2005 702 2088 sint
732 2005 890 2114 reversi,
927 2016 1132 2115 monetque
1159 2029 1199 2086 sc
1233 2003 1460 2087 sententiam
1490 2015 1622 2089 oontm

216 2137 450 2223 Friderieum
468 2152 506 2224 et
530 2140 748 2224 Conradum
767 2138 888 2222 filium
906 2137 989 2250 ejus
1005 2138 1045 2220 in
1063 2136 1223 2221 concilio
1241 2137 1486 2246 Lugdunensi
1503 2138 1621 2220 latam

215 2273 483 2367 inviolabiliter
498 2273 801 2358 observaturum.

299 2513 394 2595 (uait.
408 2533 457 2595 ap.
473 2516 568 2599 me,
585 2513 655 2579 (lod.
671 2511 820 2596 diplomat.
835 2473 987 2596 ripuensis,
1002 2530 1034 2592 p.
1052 2522 1120 2589 tta,
1135 2511 1481 2593 n⁰.trr,exortgtna11.)

261 2727 505 2822 Innocentius,
521 2739 607 2821 eto,
625 2729 761 2802 dilectis
778 2727 857 2800 filiis
871 2727 1005 2800 civibus
1021 2725 1240 2820 Aquensibns
1261 2725 1460 2798 leodiensis
1475 2725 1622 2800 diocesis

214 2853 365 2924 salutem
385 2862 421 2924 et
440 2855 665 2948 apostolicam
684 2853 974 2926 benedictionem.
999 2852 1070 2924 Etsi
1086 2873 1150 2946 pro
1166 2872 1208 2926 eo
1225 2850 1320 2944 quod
1335 2852 1465 2924 reversi
1480 2850 1562 2922 estis
1575 2850 1623 2922 ad

212 2975 441 3050 devotionem
454 2975 682 3074 Ecclesie(l)‚
694 2977 914 3057 intendamus
929 2999 994 3050 ros
1007 2977 1186 3050 universos
1202 2985 1238 3047 at
1251 2975 1407 3068 singulos
1422 2974 1533 3066 gratia
1547 2995 1625 3069 pru·

215 3101 317 3194 sequi
333 3112 368 3174 et
382 3103 513 3193 lavoro,
528 3124 592 3197 pru
608 3123 650 3174 eo
667 3112 783 3174 umen
799 3101 894 3195 quod
909 3100 1200 3175 commendamini
1221 3122 1282 3196 pre
1301 3099 1425 3172 ceteris
1439 3099 1485 3172 dc
1497 3099 1625 3172 virtute

214 3226 411 3299 constantie
431 3245 473 3298 ac
492 3224 576 3298 lidci
595 3225 756 3321 puritate,
777 3226 994 3322 propensiori
1014 3248 1097 3298 curn
1117 3246 1181 3299 vos
1202 3225 1331 3298 habere
1352 3225 1514 3297 volumus
1536 3223 1628 3296 inter

214 3349 365 3424 devotos
379 3350 478 3424 Sedis
488 3349 685 3446 apostolico
697 3350 878 3446 speciales.
888 3351 1061 3443 Rogamus
1075 3349 1192 3443 itaque
1202 3348 1463 3421 universitatem
1476 3357 1628 3420 vestram

214 3475 384 3548 attentius
402 3485 438 3548 et
454 3475 632 3548 hortemur
649 3496 712 3570 per
730 3475 920 3571 apostolica
934 3474 1034 3549 vobis
1049 3474 1177 3570 scripte
1193 3473 1399 3546 mandentes
1414 3473 1578 3568 quatinus
1593 3473 1630 3544 in

216 3598 326 3694 ipsius
335 3599 436 3674 Sedis
452 3599 637 3672 devotione
651 3599 842 3696 persistatis
858 3599 907 3671 sic
921 3598 1066 3672 viriliter
1079 3607 1114 3670 et
1127 3608 1327 3672 constanter
1338 3597 1434 3692 quod
1449 3621 1490 3672 ea
1503 3621 1573 3692 que
1586 3598 1631 3670 de

215 3722 320 3795 vobis
337 3723 516 3815 dicuntur,
533 3724 694 3816 cognosci
713 3725 852 3795 valeant
868 3713 1063 3795 evidentius
1078 3723 1329 3819 paelicatum,
1344 3732 1457 3796 etnos
1473 3722 1534 3818 qni
1551 3744 1631 3794 sen·

217 3848 364 3921 tentiam
381 3847 487 3921 latam
502 3847 539 3919 in
555 3846 777 3940 Lugdunensi
792 3847 940 3921 concilio
958 3859 1079 3920 eontra
1093 3846 1314 3920 Fredericum
1329 3847 1510 3942 quondam
1523 3847 1634 3946 impe·

236 4033 240 4040 ⁴
260 4047 305 4129 (a)
327 4049 363 4110 ln
375 4049 474 4111 oodlca
488 4050 583 4112 Parlc.
598 4050 705 4130 legltnr
722 4049 778 4111 llll
788 4047 869 4128 ldae,
884 4051 996 4113 sulcu
1010 4059 1026 4110 r
1042 4049 1206 4111 decembris
1224 4064 1232 4110 ε
1248 4049 1328 4127 qnod
1342 4048 1439 4111 loraan
1452 4051 1559 4128 aptlns.

252 4366 291 4440 (4)
304 4365 460 4425 Wdlclmus
468 4367 503 4426 de
511 4368 758 4430 llollandiacirlum
769 4371 935 4444 aquensium
945 4369 1083 4445 privilegia
1093 4369 1296 4429 conflrmavcrat
1304 4369 1522 4444 diplomaladato
1531 4369 1636 4442 Amis-

217 4463 306 4536 gram,
317 4463 369 4522 XV
381 4463 510 4524 kalendas
522 4467 641 4526 octobris
652 4469 697 4542 (47
707 4469 875 4544 septembris)
887 4470 956 4528 4248
970 4470 1032 4540 :cui
1043 4473 1125 4526 testes
1135 4467 1273 4525 affuerunt
1283 4469 1378 4526 Petrus
1389 4466 1532 4526 cardinalia
1543 4465 1637 4526 Sancti

217 4561 344 4634 Georgii,
364 4560 525 4622 Guillelmus
545 4565 702 4626 Sabinansis
722 4568 864 4641 episcopua
884 4566 1046 4638 cardinalia,
1062 4565 1203 4624 Conradur
1221 4566 1386 4624 coloniensis
1405 4564 1636 4641 archiepiscopus,

216 4657 435 4716 Honestariensis
447 4661 598 4734 episcopus,
614 4663 768 4722 leodiensis
781 4664 896 4735 alectus,
909 4663 1063 4721 Prumensis
1073 4670 1102 4722 at
1115 4663 1239 4722 ludensis
1257 4663 1380 4736 abbates,
1403 4679 1465 4722 cum
1477 4663 1568 4721 mullis
1580 4680 1637 4722 me·

219 4757 347 4828 gentibus
356 4764 386 4816 et
399 4759 567 4834 principibus
580 4761 713 4822 inferioris
722 4762 895 4822 allemanias.
908 4763 948 4821 (ll.
962 4764 1046 4837 Qnrx,
1063 4763 1120 4822 loco
1130 4763 1215 4838 supro
1226 4765 1289 4837 cit,
1305 4779 1333 4838 p.
1346 4763 1410 4835 lt'l,
1425 4773 1457 4820 n⁰
1467 4765 1531 4821 469.
