<?xml version="1.0" encoding="UTF-8"?>
<!DOCTYPE html PUBLIC "-//W3C//DTD XHTML 1.0 Transitional//EN"
    "http://www.w3.org/TR/xhtml1/DTD/xhtml1-transitional.dtd">
<html xmlns="http://www.w3.org/1999/xhtml" xml:lang="en" lang="en">
 <head>
  <title>
</title>
<meta http-equiv="Content-Type" content="text/html;charset=utf-8" />
  <meta name='ocr-system' content='tesseract 3.04.00' />
  <meta name='ocr-capabilities' content='ocr_page ocr_carea ocr_par ocr_line ocrx_word'/>
</head>
<body>
  <div class='ocr_page' id='page_1' title='image "./historiadiploma00fredgoog/historiadiploma00fredgoog_0096.png"; bbox 0 0 4306 5914; ppageno 0'>
   <div class='ocr_carea' id='block_1_1' title="bbox 237 619 1645 2346">
    <p class='ocr_par' dir='ltr' id='par_1_1' title="bbox 237 619 1642 988">
     <span class='ocr_line' id='line_1_1' title="bbox 237 619 1640 711; baseline -0.009 -15"><span class='ocrx_word' id='word_1_1' title='bbox 237 635 337 696; x_wconf 73' lang='lat' dir='ltr'>tuum.</span> <span class='ocrx_word' id='word_1_2' title='bbox 352 631 401 711; x_wconf 82' lang='grc'>6.]</span> <span class='ocrx_word' id='word_1_3' title='bbox 682 623 879 690; x_wconf 75' lang='lat' dir='ltr'>HISTORIA</span> <span class='ocrx_word' id='word_1_4' title='bbox 903 619 1195 688; x_wconf 76' lang='lat' dir='ltr'>nlltollll&#39;rlcb.</span> <span class='ocrx_word' id='word_1_5' title='bbox 1582 621 1640 686; x_wconf 79' lang='grc'>631</span> 
     </span>
     <span class='ocr_line' id='line_1_2' title="bbox 238 756 1642 859; baseline -0.011 -15"><span class='ocrx_word' id='word_1_6' title='bbox 238 767 413 844; x_wconf 77' lang='lat' dir='ltr'>Ansaldus</span> <span class='ocrx_word' id='word_1_7' title='bbox 429 767 475 840; x_wconf 88' lang='lat' dir='ltr'>de</span> <span class='ocrx_word' id='word_1_8' title='bbox 490 765 576 838; x_wconf 83' lang='lat' dir='ltr'>llari</span> <span class='ocrx_word' id='word_1_9' title='bbox 593 763 682 835; x_wconf 87' lang='lat' dir='ltr'>sacri</span> <span class='ocrx_word' id='word_1_10' title='bbox 701 763 833 859; x_wconf 90' lang='lat' dir='ltr'>imperii</span> <span class='ocrx_word' id='word_1_11' title='bbox 855 771 891 834; x_wconf 88' lang='lat' dir='ltr'>et</span> <span class='ocrx_word' id='word_1_12' title='bbox 911 762 1008 855; x_wconf 89' lang='lat' dir='ltr'>regni</span> <span class='ocrx_word' id='word_1_13' title='bbox 1029 758 1142 832; x_wconf 77' lang='lat' dir='ltr'>Sicilie</span> <span class='ocrx_word' id='word_1_14' title='bbox 1161 757 1380 846; x_wconf 85' lang='lat' dir='ltr'>ammiratus,</span> <span class='ocrx_word' id='word_1_15' title='bbox 1402 767 1438 828; x_wconf 92' lang='lat' dir='ltr'>et</span> <span class='ocrx_word' id='word_1_16' title='bbox 1459 756 1517 828; x_wconf 90' lang='lat' dir='ltr'>alii</span> <span class='ocrx_word' id='word_1_17' title='bbox 1538 779 1642 852; x_wconf 92' lang='lat' dir='ltr'>quam</span> 
     </span>
     <span class='ocr_line' id='line_1_3' title="bbox 238 894 368 988; baseline 0 -24"><span class='ocrx_word' id='word_1_18' title='bbox 238 894 368 988; x_wconf 89' lang='lat' dir='ltr'>plures.</span> 
     </span>
    </p>

    <p class='ocr_par' dir='ltr' id='par_1_2' title="bbox 237 1002 1642 1234">
     <span class='ocr_line' id='line_1_4' title="bbox 285 1002 1642 1110; baseline -0.007 -22"><span class='ocrx_word' id='word_1_19' title='bbox 285 1017 430 1110; x_wconf 82' lang='lat' dir='ltr'>Signum</span> <span class='ocrx_word' id='word_1_20' title='bbox 448 1012 580 1086; x_wconf 92' lang='lat' dir='ltr'>domiui</span> <span class='ocrx_word' id='word_1_21' title='bbox 602 1010 712 1083; x_wconf 87' lang='lat' dir='ltr'>nostri</span> <span class='ocrx_word' id='word_1_22' title='bbox 730 1009 893 1082; x_wconf 84' lang='lat' dir='ltr'>Friderici</span> <span class='ocrx_word' id='word_1_23' title='bbox 913 1005 1056 1082; x_wconf 90' lang='lat' dir='ltr'>secundi</span> <span class='ocrx_word' id='word_1_24' title='bbox 1076 1006 1139 1080; x_wconf 87' lang='lat' dir='ltr'>Dei</span> <span class='ocrx_word' id='word_1_25' title='bbox 1156 1005 1266 1100; x_wconf 88' lang='lat' dir='ltr'>gratia</span> <span class='ocrx_word' id='word_1_26' title='bbox 1283 1002 1497 1078; x_wconf 84' lang='lat' dir='ltr'>invictissimi</span> <span class='ocrx_word' id='word_1_27' title='bbox 1515 1003 1642 1078; x_wconf 86' lang='lat' dir='ltr'>Roma·</span> 
     </span>
     <span class='ocr_line' id='line_1_5' title="bbox 237 1128 1417 1234; baseline -0.008 -22"><span class='ocrx_word' id='word_1_28' title='bbox 237 1156 363 1212; x_wconf 86' lang='lat' dir='ltr'>norum</span> <span class='ocrx_word' id='word_1_29' title='bbox 378 1135 596 1234; x_wconf 84' lang='lat' dir='ltr'>imperatoris</span> <span class='ocrx_word' id='word_1_30' title='bbox 605 1153 743 1228; x_wconf 89' lang='lat' dir='ltr'>semper</span> <span class='ocrx_word' id='word_1_31' title='bbox 757 1133 911 1224; x_wconf 82' lang='lat' dir='ltr'>augusti,</span> <span class='ocrx_word' id='word_1_32' title='bbox 929 1131 1119 1206; x_wconf 86' lang='lat' dir='ltr'>Ierusalem</span> <span class='ocrx_word' id='word_1_33' title='bbox 1136 1139 1171 1202; x_wconf 92' lang='lat' dir='ltr'>et</span> <span class='ocrx_word' id='word_1_34' title='bbox 1186 1129 1298 1202; x_wconf 84' lang='lat' dir='ltr'>Sicilie</span> <span class='ocrx_word' id='word_1_35' title='bbox 1315 1128 1417 1222; x_wconf 88' lang='lat' dir='ltr'>regis.</span> 
     </span>
    </p>

    <p class='ocr_par' dir='ltr' id='par_1_3' title="bbox 238 1253 1645 1954">
     <span class='ocr_line' id='line_1_6' title="bbox 286 1253 1645 1348; baseline -0.007 -11"><span class='ocrx_word' id='word_1_36' title='bbox 286 1265 375 1338; x_wconf 77' lang='lat' dir='ltr'>Acta</span> <span class='ocrx_word' id='word_1_37' title='bbox 387 1269 468 1336; x_wconf 83' lang='lat' dir='ltr'>sunt</span> <span class='ocrx_word' id='word_1_38' title='bbox 481 1259 547 1332; x_wconf 89' lang='lat' dir='ltr'>bec</span> <span class='ocrx_word' id='word_1_39' title='bbox 560 1281 653 1332; x_wconf 89' lang='lat' dir='ltr'>anno</span> <span class='ocrx_word' id='word_1_40' title='bbox 669 1257 840 1330; x_wconf 87' lang='lat' dir='ltr'>dominice</span> <span class='ocrx_word' id='word_1_41' title='bbox 856 1255 1100 1328; x_wconf 83' lang='lat' dir='ltr'>incarnationis</span> <span class='ocrx_word' id='word_1_42' title='bbox 1116 1254 1298 1326; x_wconf 92' lang='lat' dir='ltr'>millesimo</span> <span class='ocrx_word' id='word_1_43' title='bbox 1313 1253 1548 1327; x_wconf 87' lang='lat' dir='ltr'>ducentesimo</span> <span class='ocrx_word' id='word_1_44' title='bbox 1562 1278 1645 1348; x_wconf 85' lang='lat' dir='ltr'>quc·</span> 
     </span>
     <span class='ocr_line' id='line_1_7' title="bbox 238 1372 1644 1481; baseline -0.007 -20"><span class='ocrx_word' id='word_1_45' title='bbox 238 1388 435 1481; x_wconf 85' lang='lat' dir='ltr'>dragesimo</span> <span class='ocrx_word' id='word_1_46' title='bbox 450 1393 589 1475; x_wconf 87' lang='lat' dir='ltr'>octavo,</span> <span class='ocrx_word' id='word_1_47' title='bbox 606 1401 725 1454; x_wconf 89' lang='lat' dir='ltr'>mense</span> <span class='ocrx_word' id='word_1_48' title='bbox 734 1381 836 1474; x_wconf 88' lang='lat' dir='ltr'>junii,</span> <span class='ocrx_word' id='word_1_49' title='bbox 855 1390 955 1452; x_wconf 86' lang='lat' dir='ltr'>sexte</span> <span class='ocrx_word' id='word_1_50' title='bbox 971 1375 1181 1466; x_wconf 87' lang='lat' dir='ltr'>indictionis,</span> <span class='ocrx_word' id='word_1_51' title='bbox 1199 1375 1389 1472; x_wconf 86' lang='lat' dir='ltr'>imperante</span> <span class='ocrx_word' id='word_1_52' title='bbox 1404 1372 1545 1451; x_wconf 90' lang='lat' dir='ltr'>domino</span> <span class='ocrx_word' id='word_1_53' title='bbox 1563 1401 1644 1452; x_wconf 90' lang='lat' dir='ltr'>nos·</span> 
     </span>
     <span class='ocr_line' id='line_1_8' title="bbox 240 1502 1644 1600; baseline -0.008 -16"><span class='ocrx_word' id='word_1_54' title='bbox 240 1521 294 1584; x_wconf 84' lang='lat' dir='ltr'>tro</span> <span class='ocrx_word' id='word_1_55' title='bbox 310 1510 484 1584; x_wconf 85' lang='lat' dir='ltr'>Friderioo</span> <span class='ocrx_word' id='word_1_56' title='bbox 498 1509 562 1581; x_wconf 87' lang='lat' dir='ltr'>Dei</span> <span class='ocrx_word' id='word_1_57' title='bbox 579 1507 689 1600; x_wconf 85' lang='lat' dir='ltr'>gratia</span> <span class='ocrx_word' id='word_1_58' title='bbox 709 1503 934 1577; x_wconf 91' lang='lat' dir='ltr'>invictissimo</span> <span class='ocrx_word' id='word_1_59' title='bbox 951 1505 1183 1576; x_wconf 87' lang='lat' dir='ltr'>Romanorum</span> <span class='ocrx_word' id='word_1_60' title='bbox 1201 1502 1407 1598; x_wconf 79' lang='lat' dir='ltr'>imperatore</span> <span class='ocrx_word' id='word_1_61' title='bbox 1426 1523 1564 1598; x_wconf 89' lang='lat' dir='ltr'>semper</span> <span class='ocrx_word' id='word_1_62' title='bbox 1580 1523 1644 1574; x_wconf 90' lang='lat' dir='ltr'>au·</span> 
     </span>
     <span class='ocr_line' id='line_1_9' title="bbox 238 1624 1645 1730; baseline -0.009 -22"><span class='ocrx_word' id='word_1_63' title='bbox 238 1645 355 1730; x_wconf 88' lang='lat' dir='ltr'>gusto,</span> <span class='ocrx_word' id='word_1_64' title='bbox 371 1634 559 1707; x_wconf 83' lang='lat' dir='ltr'>Jerusalem</span> <span class='ocrx_word' id='word_1_65' title='bbox 574 1641 609 1704; x_wconf 91' lang='lat' dir='ltr'>et</span> <span class='ocrx_word' id='word_1_66' title='bbox 624 1630 737 1703; x_wconf 88' lang='lat' dir='ltr'>Sicilie</span> <span class='ocrx_word' id='word_1_67' title='bbox 751 1649 846 1723; x_wconf 89' lang='lat' dir='ltr'>rege,</span> <span class='ocrx_word' id='word_1_68' title='bbox 865 1627 1001 1724; x_wconf 91' lang='lat' dir='ltr'>imperii</span> <span class='ocrx_word' id='word_1_69' title='bbox 1018 1627 1093 1718; x_wconf 87' lang='lat' dir='ltr'>ejus</span> <span class='ocrx_word' id='word_1_70' title='bbox 1108 1647 1200 1698; x_wconf 91' lang='lat' dir='ltr'>anno</span> <span class='ocrx_word' id='word_1_71' title='bbox 1214 1624 1377 1697; x_wconf 90' lang='lat' dir='ltr'>vicesimo</span> <span class='ocrx_word' id='word_1_72' title='bbox 1390 1635 1528 1717; x_wconf 90' lang='lat' dir='ltr'>octavo,</span> <span class='ocrx_word' id='word_1_73' title='bbox 1548 1627 1645 1719; x_wconf 90' lang='lat' dir='ltr'>regni</span> 
     </span>
     <span class='ocr_line' id='line_1_10' title="bbox 239 1747 1642 1846; baseline -0.007 -14"><span class='ocrx_word' id='word_1_74' title='bbox 239 1759 430 1832; x_wconf 82' lang='lat' dir='ltr'>Jerusalem</span> <span class='ocrx_word' id='word_1_75' title='bbox 458 1755 623 1828; x_wconf 88' lang='lat' dir='ltr'>vicesimo</span> <span class='ocrx_word' id='word_1_76' title='bbox 649 1753 773 1844; x_wconf 89' lang='lat' dir='ltr'>tercio,</span> <span class='ocrx_word' id='word_1_77' title='bbox 799 1751 896 1846; x_wconf 90' lang='lat' dir='ltr'>regni</span> <span class='ocrx_word' id='word_1_78' title='bbox 923 1771 1006 1824; x_wconf 90' lang='lat' dir='ltr'>vcro</span> <span class='ocrx_word' id='word_1_79' title='bbox 1027 1749 1140 1822; x_wconf 87' lang='lat' dir='ltr'>Sicilie</span> <span class='ocrx_word' id='word_1_80' title='bbox 1160 1749 1464 1844; x_wconf 87' lang='lat' dir='ltr'>quiuquagesimo,</span> <span class='ocrx_word' id='word_1_81' title='bbox 1483 1747 1642 1823; x_wconf 82' lang='lat' dir='ltr'>feliciter.</span> 
     </span>
     <span class='ocr_line' id='line_1_11' title="bbox 239 1881 367 1954; baseline -0.023 0"><span class='ocrx_word' id='word_1_82' title='bbox 239 1881 367 1954; x_wconf 79' lang='lat' dir='ltr'>Amen.</span> 
     </span>
    </p>

    <p class='ocr_par' dir='ltr' id='par_1_4' title="bbox 238 1993 1644 2346">
     <span class='ocr_line' id='line_1_12' title="bbox 288 1993 1644 2095; baseline -0.005 -18"><span class='ocrx_word' id='word_1_83' title='bbox 288 2007 416 2077; x_wconf 84' lang='lat' dir='ltr'>Datum</span> <span class='ocrx_word' id='word_1_84' title='bbox 433 2002 470 2073; x_wconf 93' lang='lat' dir='ltr'>in</span> <span class='ocrx_word' id='word_1_85' title='bbox 484 2001 604 2074; x_wconf 89' lang='lat' dir='ltr'>castris</span> <span class='ocrx_word' id='word_1_86' title='bbox 618 2001 654 2072; x_wconf 93' lang='lat' dir='ltr'>in</span> <span class='ocrx_word' id='word_1_87' title='bbox 668 1999 936 2095; x_wconf 86' lang='lat' dir='ltr'>depopulatione</span> <span class='ocrx_word' id='word_1_88' title='bbox 950 1998 1086 2088; x_wconf 90' lang='lat' dir='ltr'>Parme,</span> <span class='ocrx_word' id='word_1_89' title='bbox 1103 2019 1168 2093; x_wconf 90' lang='lat' dir='ltr'>per</span> <span class='ocrx_word' id='word_1_90' title='bbox 1184 2017 1306 2068; x_wconf 91' lang='lat' dir='ltr'>manus</span> <span class='ocrx_word' id='word_1_91' title='bbox 1325 1995 1478 2090; x_wconf 77' lang='lat' dir='ltr'>magistri</span> <span class='ocrx_word' id='word_1_92' title='bbox 1493 1993 1584 2068; x_wconf 87' lang='lat' dir='ltr'>Petri</span> <span class='ocrx_word' id='word_1_93' title='bbox 1599 1995 1644 2070; x_wconf 92' lang='lat' dir='ltr'>de</span> 
     </span>
     <span class='ocr_line' id='line_1_13' title="bbox 238 2119 1643 2222; baseline -0.005 -21"><span class='ocrx_word' id='word_1_94' title='bbox 238 2131 350 2202; x_wconf 76' lang='lat' dir='ltr'>Vinea</span> <span class='ocrx_word' id='word_1_95' title='bbox 361 2126 548 2222; x_wconf 85' lang='lat' dir='ltr'>imperialis</span> <span class='ocrx_word' id='word_1_96' title='bbox 558 2126 638 2198; x_wconf 85' lang='lat' dir='ltr'>aule</span> <span class='ocrx_word' id='word_1_97' title='bbox 649 2122 898 2219; x_wconf 84' lang='lat' dir='ltr'>prothonotarii</span> <span class='ocrx_word' id='word_1_98' title='bbox 912 2132 947 2196; x_wconf 87' lang='lat' dir='ltr'>at</span> <span class='ocrx_word' id='word_1_99' title='bbox 960 2120 1057 2216; x_wconf 89' lang='lat' dir='ltr'>regui</span> <span class='ocrx_word' id='word_1_100' title='bbox 1068 2121 1181 2194; x_wconf 89' lang='lat' dir='ltr'>Sicilie</span> <span class='ocrx_word' id='word_1_101' title='bbox 1196 2119 1385 2215; x_wconf 89' lang='lat' dir='ltr'>logothete,</span> <span class='ocrx_word' id='word_1_102' title='bbox 1402 2141 1508 2210; x_wconf 87' lang='lat' dir='ltr'>annu,</span> <span class='ocrx_word' id='word_1_103' title='bbox 1525 2139 1643 2194; x_wconf 86' lang='lat' dir='ltr'>mense</span> 
     </span>
     <span class='ocr_line' id='line_1_14' title="bbox 240 2249 704 2346; baseline -0.017 -18"><span class='ocrx_word' id='word_1_104' title='bbox 240 2263 277 2328; x_wconf 81' lang='lat' dir='ltr'>el</span> <span class='ocrx_word' id='word_1_105' title='bbox 289 2251 479 2326; x_wconf 78' lang='lat' dir='ltr'>indiclionc</span> <span class='ocrx_word' id='word_1_106' title='bbox 493 2249 704 2346; x_wconf 81' lang='lat' dir='ltr'>prescriptis.</span> 
     </span>
    </p>
   </div>
   <div class='ocr_carea' id='block_1_2' title="bbox 235 2849 1846 2962">
    <p class='ocr_par' dir='ltr' id='par_1_5' title="bbox 235 2849 1846 2962">
     <span class='ocr_line' id='line_1_15' title="bbox 235 2849 1846 2962; baseline 0.004 -28"><span class='ocrx_word' id='word_1_107' title='bbox 235 2941 239 2956; x_wconf 48' lang='grc'>,</span> <span class='ocrx_word' id='word_1_108' title='bbox 295 2851 325 2934; x_wconf 87' lang='lat' dir='ltr'>F</span> <span class='ocrx_word' id='word_1_109' title='bbox 326 2851 524 2959; x_wconf 78' lang='lat' dir='ltr'>ridericuS,</span> <span class='ocrx_word' id='word_1_110' title='bbox 543 2851 802 2936; x_wconf 84' lang='lat' dir='ltr'>Romanorum</span> <span class='ocrx_word' id='word_1_111' title='bbox 819 2853 1040 2962; x_wconf 85' lang='lat' dir='ltr'>imperator,</span> <span class='ocrx_word' id='word_1_112' title='bbox 1061 2851 1191 2937; x_wconf 85' lang='lat' dir='ltr'>Ottoni</span> <span class='ocrx_word' id='word_1_113' title='bbox 1209 2853 1336 2936; x_wconf 89' lang='lat' dir='ltr'>comiti</span> <span class='ocrx_word' id='word_1_114' title='bbox 1355 2851 1521 2962; x_wconf 89' lang='lat' dir='ltr'>palatino</span> <span class='ocrx_word' id='word_1_115' title='bbox 1534 2849 1644 2960; x_wconf 83' lang='lat' dir='ltr'>Rani,</span> <span class='ocrx_word' id='word_1_116' title='bbox 1733 2919 1846 2952; x_wconf 54' lang='grc' dir='ltr'>Μ..</span> 
     </span>
    </p>
   </div>
   <div class='ocr_carea' id='block_1_3' title="bbox 222 2973 1806 3228">
    <p class='ocr_par' dir='ltr' id='par_1_6' title="bbox 222 2973 1806 3228">
     <span class='ocr_line' id='line_1_16' title="bbox 240 2973 1806 3094; baseline -0.001 -26"><span class='ocrx_word' id='word_1_117' title='bbox 240 2985 332 3068; x_wconf 90' lang='lat' dir='ltr'>duci</span> <span class='ocrx_word' id='word_1_118' title='bbox 351 2984 566 3092; x_wconf 86' lang='lat' dir='ltr'>Bawariae,</span> <span class='ocrx_word' id='word_1_119' title='bbox 595 2995 632 3068; x_wconf 89' lang='lat' dir='ltr'>et</span> <span class='ocrx_word' id='word_1_120' title='bbox 656 2985 882 3069; x_wconf 88' lang='lat' dir='ltr'>haeredibus</span> <span class='ocrx_word' id='word_1_121' title='bbox 907 2985 989 3094; x_wconf 90' lang='lat' dir='ltr'>ejus</span> <span class='ocrx_word' id='word_1_122' title='bbox 1015 2985 1218 3093; x_wconf 90' lang='lat' dir='ltr'>masculis,</span> <span class='ocrx_word' id='word_1_123' title='bbox 1244 3012 1314 3094; x_wconf 88' lang='lat' dir='ltr'>pro</span> <span class='ocrx_word' id='word_1_124' title='bbox 1339 2985 1518 3068; x_wconf 84' lang='lat' dir='ltr'>fidelitate</span> <span class='ocrx_word' id='word_1_125' title='bbox 1544 2984 1645 3068; x_wconf 88' lang='lat' dir='ltr'>huc·</span> <span class='ocrx_word' id='word_1_126' title='bbox 1754 2973 1806 3056; x_wconf 73' lang='lat'><strong>⁰¹¹⁶·</strong></span> 
     </span>
     <span class='ocr_line' id='line_1_17' title="bbox 222 3117 1645 3228; baseline 0.004 -34"><span class='ocrx_word' id='word_1_127' title='bbox 222 3127 356 3200; x_wconf 79' lang='lat' dir='ltr'>tenus</span> <span class='ocrx_word' id='word_1_128' title='bbox 377 3117 563 3221; x_wconf 83' lang='lat' dir='ltr'>exhibitu,</span> <span class='ocrx_word' id='word_1_129' title='bbox 587 3118 628 3198; x_wconf 95' lang='lat' dir='ltr'>in</span> <span class='ocrx_word' id='word_1_130' title='bbox 650 3119 782 3202; x_wconf 93' lang='lat' dir='ltr'>odium</span> <span class='ocrx_word' id='word_1_131' title='bbox 807 3117 985 3228; x_wconf 91' lang='lat' dir='ltr'>perfidiae</span> <span class='ocrx_word' id='word_1_132' title='bbox 1009 3119 1159 3203; x_wconf 85' lang='lat' dir='ltr'>Ottcuis</span> <span class='ocrx_word' id='word_1_133' title='bbox 1185 3119 1293 3202; x_wconf 89' lang='lat' dir='ltr'>ducis</span> <span class='ocrx_word' id='word_1_134' title='bbox 1316 3119 1523 3225; x_wconf 79' lang='lat' dir='ltr'>Meuaniae,</span> <span class='ocrx_word' id='word_1_135' title='bbox 1546 3141 1645 3226; x_wconf 88' lang='lat' dir='ltr'>pro-</span> 
     </span>
    </p>
   </div>
   <div class='ocr_carea' id='block_1_4' title="bbox 241 3249 1646 3464">
    <p class='ocr_par' dir='ltr' id='par_1_7' title="bbox 241 3249 1646 3464">
     <span class='ocr_line' id='line_1_18' title="bbox 241 3249 1646 3362; baseline 0.001 -31"><span class='ocrx_word' id='word_1_136' title='bbox 241 3249 377 3332; x_wconf 88' lang='lat' dir='ltr'>ditoris</span> <span class='ocrx_word' id='word_1_137' title='bbox 406 3251 485 3357; x_wconf 91' lang='lat' dir='ltr'>sui,</span> <span class='ocrx_word' id='word_1_138' title='bbox 512 3252 714 3335; x_wconf 85' lang='lat' dir='ltr'>comitatus</span> <span class='ocrx_word' id='word_1_139' title='bbox 736 3252 784 3334; x_wconf 91' lang='lat' dir='ltr'>de</span> <span class='ocrx_word' id='word_1_140' title='bbox 808 3250 1051 3336; x_wconf 88' lang='lat' dir='ltr'>Nuemburcb</span> <span class='ocrx_word' id='word_1_141' title='bbox 1077 3265 1116 3334; x_wconf 92' lang='lat' dir='ltr'>et</span> <span class='ocrx_word' id='word_1_142' title='bbox 1140 3251 1395 3362; x_wconf 88' lang='lat' dir='ltr'>Soberdingen</span> <span class='ocrx_word' id='word_1_143' title='bbox 1422 3251 1463 3332; x_wconf 92' lang='lat' dir='ltr'>in</span> <span class='ocrx_word' id='word_1_144' title='bbox 1489 3250 1646 3334; x_wconf 87' lang='lat' dir='ltr'>feudum</span> 
     </span>
     <span class='ocr_line' id='line_1_19' title="bbox 242 3379 404 3464; baseline -0.006 0"><span class='ocrx_word' id='word_1_145' title='bbox 242 3379 404 3464; x_wconf 83' lang='lat' dir='ltr'>confert.</span> 
     </span>
    </p>
   </div>
   <div class='ocr_carea' id='block_1_5' title="bbox 326 3595 1648 3996">
    <p class='ocr_par' dir='ltr' id='par_1_8' title="bbox 326 3595 1648 3996">
     <span class='ocr_line' id='line_1_20' title="bbox 326 3595 1647 3678; baseline 0.002 -20"><span class='ocrx_word' id='word_1_146' title='bbox 326 3596 422 3676; x_wconf 79' lang='lat' dir='ltr'>(Edlt.</span> <span class='ocrx_word' id='word_1_147' title='bbox 437 3596 625 3674; x_wconf 70' lang='lat' dir='ltr'>upldcmrn</span> <span class='ocrx_word' id='word_1_148' title='bbox 642 3597 734 3670; x_wconf 74' lang='lat' dir='ltr'>nole,</span> <span class='ocrx_word' id='word_1_149' title='bbox 749 3603 773 3659; x_wconf 82' lang='lat' dir='ltr'>t.</span> <span class='ocrx_word' id='word_1_150' title='bbox 789 3597 885 3671; x_wconf 81' lang='lat' dir='ltr'>XXX,</span> <span class='ocrx_word' id='word_1_151' title='bbox 898 3613 929 3676; x_wconf 85' lang='lat' dir='ltr'>p.</span> <span class='ocrx_word' id='word_1_152' title='bbox 946 3605 1087 3674; x_wconf 72' lang='lat' dir='ltr'>toa-too,</span> <span class='ocrx_word' id='word_1_153' title='bbox 1101 3595 1598 3678; x_wconf 72' lang='lat' dir='ltr'>nun.uocnxxx1v,excngu.</span> <span class='ocrx_word' id='word_1_154' title='bbox 1616 3599 1647 3660; x_wconf 90' lang='lat' dir='ltr'>in</span> 
     </span>
     <span class='ocr_line' id='line_1_21' title="bbox 365 3701 1648 3784; baseline 0.002 -20"><span class='ocrx_word' id='word_1_155' title='bbox 365 3701 447 3764; x_wconf 82' lang='lat' dir='ltr'>arch.</span> <span class='ocrx_word' id='word_1_156' title='bbox 463 3720 524 3781; x_wconf 87' lang='lat' dir='ltr'>reg.</span> <span class='ocrx_word' id='word_1_157' title='bbox 540 3703 621 3766; x_wconf 89' lang='lat' dir='ltr'>dom.</span> <span class='ocrx_word' id='word_1_158' title='bbox 635 3701 791 3777; x_wconf 77' lang='lat' dir='ltr'>Bavurlne3</span> <span class='ocrx_word' id='word_1_159' title='bbox 806 3705 891 3781; x_wconf 78' lang='lat' dir='ltr'>culus</span> <span class='ocrx_word' id='word_1_160' title='bbox 904 3703 1034 3782; x_wconf 81' lang='lat' dir='ltr'>sigillum</span> <span class='ocrx_word' id='word_1_161' title='bbox 1048 3705 1144 3784; x_wconf 82' lang='lat' dir='ltr'>parllt,</span> <span class='ocrx_word' id='word_1_162' title='bbox 1161 3704 1380 3766; x_wconf 76' lang='lat' dir='ltr'>remanentibus</span> <span class='ocrx_word' id='word_1_163' title='bbox 1390 3703 1449 3764; x_wconf 85' lang='lat' dir='ltr'>fllls</span> <span class='ocrx_word' id='word_1_164' title='bbox 1464 3706 1563 3768; x_wconf 82' lang='lat' dir='ltr'>sericis</span> <span class='ocrx_word' id='word_1_165' title='bbox 1576 3721 1648 3782; x_wconf 81' lang='lat' dir='ltr'>pnr-</span> 
     </span>
     <span class='ocr_line' id='line_1_22' title="bbox 365 3805 1648 3888; baseline 0.001 -19"><span class='ocrx_word' id='word_1_166' title='bbox 365 3811 448 3886; x_wconf 84' lang='lat' dir='ltr'>purel</span> <span class='ocrx_word' id='word_1_167' title='bbox 461 3816 491 3869; x_wconf 83' lang='lat' dir='ltr'>ct</span> <span class='ocrx_word' id='word_1_168' title='bbox 503 3809 573 3870; x_wconf 85' lang='lat' dir='ltr'>llurl</span> <span class='ocrx_word' id='word_1_169' title='bbox 591 3810 706 3870; x_wconf 84' lang='lat' dir='ltr'>coloris.</span> <span class='ocrx_word' id='word_1_170' title='bbox 727 3810 898 3870; x_wconf 86' lang='lat' dir='ltr'>Versluuem</span> <span class='ocrx_word' id='word_1_171' title='bbox 912 3807 1001 3886; x_wconf 76' lang='lat' dir='ltr'>hujus</span> <span class='ocrx_word' id='word_1_172' title='bbox 1016 3807 1183 3870; x_wconf 86' lang='lat' dir='ltr'>documenti</span> <span class='ocrx_word' id='word_1_173' title='bbox 1201 3811 1400 3888; x_wconf 85' lang='lat' dir='ltr'>germanlnam</span> <span class='ocrx_word' id='word_1_174' title='bbox 1416 3805 1551 3871; x_wconf 82' lang='lat' dir='ltr'>exblbult</span> <span class='ocrx_word' id='word_1_175' title='bbox 1565 3809 1648 3871; x_wconf 79' lang='lat' dir='ltr'>Arr-</span> 
     </span>
     <span class='ocr_line' id='line_1_23' title="bbox 364 3912 1487 3996; baseline 0.002 -22"><span class='ocrx_word' id='word_1_176' title='bbox 364 3931 547 3976; x_wconf 76' lang='lat' dir='ltr'>mnuaorsu</span> <span class='ocrx_word' id='word_1_177' title='bbox 559 3918 591 3975; x_wconf 90' lang='lat' dir='ltr'>ln</span> <span class='ocrx_word' id='word_1_178' title='bbox 605 3915 657 3976; x_wconf 87' lang='lat' dir='ltr'>der</span> <span class='ocrx_word' id='word_1_179' title='bbox 670 3915 709 3976; x_wconf 85' lang='grc' dir='ltr'>Κ.</span> <span class='ocrx_word' id='word_1_180' title='bbox 728 3913 826 3978; x_wconf 67' lang='lat' dir='ltr'>dcccli.</span> <span class='ocrx_word' id='word_1_181' title='bbox 842 3913 890 3975; x_wconf 75' lang='lat' dir='ltr'>des</span> <span class='ocrx_word' id='word_1_182' title='bbox 905 3912 988 3975; x_wconf 74' lang='lat' dir='ltr'>dunen</span> <span class='ocrx_word' id='word_1_183' title='bbox 1001 3931 1056 3975; x_wconf 77' lang='lat' dir='ltr'>oon</span> <span class='ocrx_word' id='word_1_184' title='bbox 1069 3916 1197 3996; x_wconf 77' lang='lat' dir='ltr'>Bnyem,</span> <span class='ocrx_word' id='word_1_185' title='bbox 1208 3933 1239 3994; x_wconf 89' lang='lat' dir='ltr'>p.</span> <span class='ocrx_word' id='word_1_186' title='bbox 1256 3925 1326 3989; x_wconf 80' lang='lat' dir='ltr'>tot,</span> <span class='ocrx_word' id='word_1_187' title='bbox 1341 3933 1425 3977; x_wconf 90' lang='lat' dir='ltr'>num.</span> <span class='ocrx_word' id='word_1_188' title='bbox 1443 3915 1487 3995; x_wconf 82' lang='lat' dir='ltr'>t.)</span> 
     </span>
    </p>
   </div>
   <div class='ocr_carea' id='block_1_6' title="bbox 192 4099 1654 4823">
    <p class='ocr_par' dir='ltr' id='par_1_9' title="bbox 192 4099 1654 4823">
     <span class='ocr_line' id='line_1_24' title="bbox 230 4099 1651 4197; baseline 0 -23"><span class='ocrx_word' id='word_1_189' title='bbox 230 4163 235 4174; x_wconf 93' lang='lat'>.</span> <span class='ocrx_word' id='word_1_190' title='bbox 293 4099 502 4192; x_wconf 81' lang='lat' dir='ltr'>Fridericus,</span> <span class='ocrx_word' id='word_1_191' title='bbox 520 4101 585 4174; x_wconf 86' lang='lat' dir='ltr'>Dei</span> <span class='ocrx_word' id='word_1_192' title='bbox 597 4102 707 4194; x_wconf 88' lang='lat' dir='ltr'>gratia</span> <span class='ocrx_word' id='word_1_193' title='bbox 721 4103 955 4175; x_wconf 81' lang='lat' dir='ltr'>Romanorum</span> <span class='ocrx_word' id='word_1_194' title='bbox 967 4103 1155 4197; x_wconf 89' lang='lat' dir='ltr'>imperator</span> <span class='ocrx_word' id='word_1_195' title='bbox 1169 4121 1308 4196; x_wconf 88' lang='lat' dir='ltr'>semper</span> <span class='ocrx_word' id='word_1_196' title='bbox 1317 4109 1496 4195; x_wconf 87' lang='lat' dir='ltr'>augustus,</span> <span class='ocrx_word' id='word_1_197' title='bbox 1516 4103 1651 4174; x_wconf 86' lang='lat' dir='ltr'>Jerusa-</span> 
     </span>
     <span class='ocr_line' id='line_1_25' title="bbox 192 4223 1651 4321; baseline 0.002 -28"><span class='ocrx_word' id='word_1_198' title='bbox 192 4225 197 4234; x_wconf 94' lang='lat'>&#39;</span> <span class='ocrx_word' id='word_1_199' title='bbox 242 4223 312 4294; x_wconf 90' lang='lat' dir='ltr'>lem</span> <span class='ocrx_word' id='word_1_200' title='bbox 327 4234 363 4296; x_wconf 90' lang='lat' dir='ltr'>et</span> <span class='ocrx_word' id='word_1_201' title='bbox 378 4223 492 4296; x_wconf 88' lang='lat' dir='ltr'>Sicilia</span> <span class='ocrx_word' id='word_1_202' title='bbox 508 4247 584 4298; x_wconf 88' lang='lat' dir='ltr'>rax.</span> <span class='ocrx_word' id='word_1_203' title='bbox 603 4227 699 4298; x_wconf 87' lang='lat' dir='ltr'>Tunc</span> <span class='ocrx_word' id='word_1_204' title='bbox 713 4226 901 4321; x_wconf 88' lang='lat' dir='ltr'>imperialis</span> <span class='ocrx_word' id='word_1_205' title='bbox 918 4225 1128 4298; x_wconf 87' lang='lat' dir='ltr'>excellencie</span> <span class='ocrx_word' id='word_1_206' title='bbox 1147 4224 1341 4298; x_wconf 85' lang='lat' dir='ltr'>firmissimo</span> <span class='ocrx_word' id='word_1_207' title='bbox 1355 4227 1479 4297; x_wconf 90' lang='lat' dir='ltr'>robore</span> <span class='ocrx_word' id='word_1_208' title='bbox 1495 4223 1651 4297; x_wconf 86' lang='lat' dir='ltr'>firmatur</span> 
     </span>
     <span class='ocr_line' id='line_1_26' title="bbox 244 4345 1651 4446; baseline 0.004 -28"><span class='ocrx_word' id='word_1_209' title='bbox 244 4345 447 4441; x_wconf 90' lang='lat' dir='ltr'>imperinm,</span> <span class='ocrx_word' id='word_1_210' title='bbox 468 4357 551 4420; x_wconf 89' lang='lat' dir='ltr'>tunc</span> <span class='ocrx_word' id='word_1_211' title='bbox 566 4349 673 4422; x_wconf 89' lang='lat' dir='ltr'>decus</span> <span class='ocrx_word' id='word_1_212' title='bbox 689 4350 867 4422; x_wconf 85' lang='lat' dir='ltr'>extollitur</span> <span class='ocrx_word' id='word_1_213' title='bbox 881 4349 1024 4422; x_wconf 84' lang='lat' dir='ltr'>Cesarea</span> <span class='ocrx_word' id='word_1_214' title='bbox 1045 4350 1252 4442; x_wconf 85' lang='lat' dir='ltr'>majestatis,</span> <span class='ocrx_word' id='word_1_215' title='bbox 1271 4372 1350 4422; x_wconf 89' lang='lat' dir='ltr'>cum</span> <span class='ocrx_word' id='word_1_216' title='bbox 1369 4348 1567 4422; x_wconf 87' lang='lat' dir='ltr'>infidelibus</span> <span class='ocrx_word' id='word_1_217' title='bbox 1587 4372 1651 4446; x_wconf 95' lang='lat' dir='ltr'>pro</span> 
     </span>
     <span class='ocr_line' id='line_1_27' title="bbox 244 4465 1652 4569; baseline 0.004 -28"><span class='ocrx_word' id='word_1_218' title='bbox 244 4465 391 4565; x_wconf 83' lang='lat' dir='ltr'>perfidia</span> <span class='ocrx_word' id='word_1_219' title='bbox 415 4491 539 4565; x_wconf 88' lang='lat' dir='ltr'>penam</span> <span class='ocrx_word' id='word_1_220' title='bbox 565 4469 669 4564; x_wconf 80' lang='lat' dir='ltr'>digne</span> <span class='ocrx_word' id='word_1_221' title='bbox 690 4471 867 4564; x_wconf 76' lang='lat' dir='ltr'>retribuit,</span> <span class='ocrx_word' id='word_1_222' title='bbox 892 4482 927 4546; x_wconf 87' lang='lat' dir='ltr'>et</span> <span class='ocrx_word' id='word_1_223' title='bbox 948 4495 1012 4568; x_wconf 94' lang='lat' dir='ltr'>pro</span> <span class='ocrx_word' id='word_1_224' title='bbox 1035 4471 1103 4545; x_wconf 88' lang='lat' dir='ltr'>lide</span> <span class='ocrx_word' id='word_1_225' title='bbox 1125 4471 1285 4545; x_wconf 87' lang='lat' dir='ltr'>fidelibus</span> <span class='ocrx_word' id='word_1_226' title='bbox 1308 4473 1439 4569; x_wconf 87' lang='lat' dir='ltr'>premia</span> <span class='ocrx_word' id='word_1_227' title='bbox 1465 4473 1652 4547; x_wconf 85' lang='lat' dir='ltr'>liberaliter</span> 
     </span>
     <span class='ocr_line' id='line_1_28' title="bbox 247 4591 1652 4692; baseline 0.006 -28"><span class='ocrx_word' id='word_1_228' title='bbox 247 4591 425 4686; x_wconf 86' lang='lat' dir='ltr'>elargitur.</span> <span class='ocrx_word' id='word_1_229' title='bbox 443 4595 619 4688; x_wconf 78' lang='lat' dir='ltr'>Amorque</span> <span class='ocrx_word' id='word_1_230' title='bbox 634 4594 770 4668; x_wconf 88' lang='lat' dir='ltr'>virtutis</span> <span class='ocrx_word' id='word_1_231' title='bbox 788 4605 870 4668; x_wconf 92' lang='lat' dir='ltr'>tunc</span> <span class='ocrx_word' id='word_1_232' title='bbox 886 4597 1010 4670; x_wconf 89' lang='lat' dir='ltr'>crescit</span> <span class='ocrx_word' id='word_1_233' title='bbox 1024 4597 1061 4669; x_wconf 91' lang='lat' dir='ltr'>iu</span> <span class='ocrx_word' id='word_1_234' title='bbox 1077 4597 1188 4688; x_wconf 89' lang='lat' dir='ltr'>bonis,</span> <span class='ocrx_word' id='word_1_235' title='bbox 1208 4607 1243 4668; x_wconf 91' lang='lat' dir='ltr'>et</span> <span class='ocrx_word' id='word_1_236' title='bbox 1257 4618 1347 4692; x_wconf 91' lang='lat' dir='ltr'>pene</span> <span class='ocrx_word' id='word_1_237' title='bbox 1365 4598 1481 4692; x_wconf 85' lang='lat' dir='ltr'>fragor</span> <span class='ocrx_word' id='word_1_238' title='bbox 1498 4598 1535 4668; x_wconf 94' lang='lat' dir='ltr'>in</span> <span class='ocrx_word' id='word_1_239' title='bbox 1553 4600 1652 4672; x_wconf 89' lang='lat' dir='ltr'>mabs</span> 
     </span>
     <span class='ocr_line' id='line_1_29' title="bbox 246 4717 1654 4823; baseline 0.004 -34"><span class='ocrx_word' id='word_1_240' title='bbox 246 4717 396 4809; x_wconf 77' lang='lat' dir='ltr'>noritur,</span> <span class='ocrx_word' id='word_1_241' title='bbox 418 4737 498 4790; x_wconf 84' lang='lat' dir='ltr'>cnm</span> <span class='ocrx_word' id='word_1_242' title='bbox 520 4719 725 4811; x_wconf 86' lang='lat' dir='ltr'>injustorum</span> <span class='ocrx_word' id='word_1_243' title='bbox 753 4719 881 4794; x_wconf 89' lang='lat' dir='ltr'>divitiis</span> <span class='ocrx_word' id='word_1_244' title='bbox 901 4720 1056 4795; x_wconf 87' lang='lat' dir='ltr'>ditantur</span> <span class='ocrx_word' id='word_1_245' title='bbox 1077 4731 1112 4795; x_wconf 91' lang='lat' dir='ltr'>et</span> <span class='ocrx_word' id='word_1_246' title='bbox 1132 4721 1324 4823; x_wconf 86' lang='lat' dir='ltr'>indnuntur</span> <span class='ocrx_word' id='word_1_247' title='bbox 1344 4721 1547 4794; x_wconf 89' lang='lat' dir='ltr'>innocentes</span> <span class='ocrx_word' id='word_1_248' title='bbox 1566 4744 1654 4817; x_wconf 92' lang='lat' dir='ltr'>qno·</span> 
     </span>
    </p>
   </div>
   <div class='ocr_carea' id='block_1_7' title="bbox 0 0 2170 5908">
    <p class='ocr_par' dir='ltr' id='par_1_10' title="bbox 0 0 2170 5908">
     <span class='ocr_line' id='line_1_30' title="bbox 0 0 2170 5908; baseline 0 0"><span class='ocrx_word' id='word_1_249' title='bbox 0 0 2170 5908; x_wconf 95' lang='lat' dir='ltr'> </span> 
     </span>
    </p>
   </div>
  </div>
 </body>
</html>
