4310 5908
248 619 348 681 111101.
363 618 411 699 9.]
691 615 889 680 HISTORIA
913 618 1210 683 diabolinites.
1597 621 1654 684 801

249 754 295 826 ab
320 753 458 844 0010111,
475 774 732 848 quemcumque
746 752 812 824 sibi
826 752 1005 826 dominum
1021 765 1140 851 preter
1155 755 1364 853 prelibatum
1379 755 1559 828 dominum
1573 779 1656 830 nos·

140 877 147 892 “
250 887 342 952 trum
357 880 503 973 ejusque
519 877 628 950 filium
650 876 846 950 Conradum
861 877 925 949 Dei
939 879 1051 972 gratia
1065 880 1298 953 Romanorum
1315 881 1352 952 in
1373 901 1490 974 regem
1508 883 1657 955 electum

249 1003 435 1097 eligentes,
453 1024 501 1076 ex
517 1012 601 1074 tunc
618 1000 685 1098 ipsi
708 1001 904 1074 reverendo
923 1004 1014 1098 patri
1034 1005 1213 1078 Basiliensi
1234 1005 1397 1100 episcopo
1421 1005 1561 1099 suisque
1579 1027 1657 1078 suc·

249 1128 443 1201 caesoribus
472 1137 638 1220 unquam
659 1125 808 1198 dominis
830 1126 956 1199 nostris
978 1125 1128 1200 fideliter
1145 1128 1348 1202 curabimus
1364 1128 1549 1221 adherere,
1566 1152 1657 1202 nun·

248 1273 354 1349 quem
384 1273 448 1325 nos
472 1250 575 1324 alicui
599 1250 742 1324 domino
763 1251 830 1322 nisi
853 1251 1033 1324 Basilicusi
1058 1254 1202 1327 00010010
1216 1253 1481 1344 submittentes;
1500 1253 1546 1326 ad
1561 1255 1657 1348 quod

248 1397 314 1450 nos
340 1386 378 1450 et
398 1395 616 1449 successores
634 1384 772 1448 nostros
792 1383 912 1448 101010
930 1377 1143 1472 presentium
1160 1378 1372 1472 obligatione
1391 1379 1657 1471 constringimus

248 1501 401 1574 litterali.

298 1625 425 1699 Actum
447 1646 510 1699 seu
531 1624 652 1698 datum
671 1644 766 1696 anno
784 1623 922 1698 Domini
943 1624 1069 1718 MCCL,
1095 1645 1215 1701 mense
1234 1627 1436 1720 novembri,
1460 1628 1658 1704 indictionis

250 1769 356 1825 none.

461 1935 1443 1950 *Qua—mm—

303 2195 508 2281 Riecardus
538 2196 587 2278 de
617 2195 868 2306 Montenigro,
902 2218 1065 2304 magnae
1097 2195 1305 2305 imperialis
1331 2197 1457 2281 curiae
1475 2197 1658 2310 magister

247 2329 489 2440 justitiariuS,
509 2353 693 2412 unacum
712 2338 877 2440 quatuor
895 2327 1065 2438 ejusdem
1083 2328 1210 2413 curiae
1225 2329 1418 2439 judicibus
1438 2330 1658 2442 Philippum

250 2463 469 2552 Pactensem
487 2461 706 2571 episcopum
725 2460 999 2546 absolvendum
1018 2463 1288 2546 sententialiter
1302 2462 1470 2548 declarat
1484 2490 1507 2546 a
1521 2491 1659 2575 quaes-

250 2596 352 2680 tione
369 2597 441 2705 ipsi
466 2595 661 2706 proposita
683 2621 751 2704 per
779 2595 1006 2705 Gregorium
1025 2596 1253 2682 Mustacium
1281 2623 1394 2706 super
1421 2601 1658 2708 possessione

251 2728 387 2812 casalis
411 2729 606 2840 Synagrae
623 2737 662 2812 et
678 2727 865 2812 fructibus
882 2728 1019 2812 casalis
1038 2729 1198 2812 Sanctae
1216 2729 1365 2812 Luciae.

332 2945 606 3026 (1111111111,
623 2941 704 3006 Sicil.
720 2961 818 3018 sacro,
832 2951 856 3006 t.
872 2946 914 3026 11,
929 2962 960 3024 p.
976 2948 1135 3020 'tlt-tte.)

299 3131 338 3202 ln
354 3130 494 3202 nomine
509 3128 645 3200 Domini
658 3128 768 3201 nostri
780 3129 861 3201 Jesu
877 3129 1013 3220 Christi,
1029 3152 1122 3202 anno
1136 3131 1181 3201 ab
1196 3131 1432 3204 incarnatione
1442 3133 1517 3224 ejus
1526 3134 1654 3224 MCCL,

250 3277 370 3330 mense
387 3253 600 3344 decembris,
621 3253 669 3324 lX
685 3251 893 3344 indictione,
908 3254 1100 3348 imperante
1117 3253 1259 3326 domino
1273 3264 1392 3326 nostro
1407 3256 1581 3329 Friderico
1595 3258 1658 3330 Dei

249 3381 360 3475 gratia
380 3378 604 3451 invictissimo
622 3378 857 3451 Romanorum
876 3378 1086 3473 imperatore
1103 3400 1240 3474 semper
1255 3389 1402 3471 augusto
1418 3389 1454 3451 et
1475 3378 1658 3473 magnifico

250 3508 439 3580 Jerusalem
456 3513 491 3575 et
505 3502 620 3576 Sicilie
630 3524 725 3596 rege,
742 3503 877 3598 imperii
889 3503 963 3595 ejus
974 3523 1066 3574 annu
1078 3503 1203 3592 XXXI,
1222 3503 1320 3595 regui
1332 3504 1522 3576 Jerusalem
1533 3506 1655 3597 xxvi,

250 3631 348 3724 regni
360 3650 447 3702 vero
463 3627 577 3700 Sicilie
591 3628 676 3718 Llll,
694 3627 854 3716 feliciter,
866 3649 981 3699 amen.
998 3630 1090 3699 Dum
1104 3648 1167 3699 nos
1181 3627 1368 3704 Riccardus
1382 3628 1426 3701 10
1440 3629 1657 3723 llontenigro

250 3777 376 3849 magne
389 3752 578 3849 imperialis
596 3751 691 3823 curie
705 3753 870 3844 magister
881 3752 1088 3845 justitiarius
1107 3751 1241 3823 dudum
1252 3752 1347 3847 apud
1362 3751 1512 3825 bleldam
1526 3755 1656 3826 curiam

250 3895 469 3969 regeramus,
486 3872 720 3944 assidentibus
733 3872 834 3944 nobis
845 3871 997 3944 Roberto
1011 3871 1055 3943 de
1072 3873 1262 3961 Panormo,
1277 3871 1417 3944 Andrce
1433 3871 1478 3944 de
1493 3872 1608 3967 Capua
1623 3884 1658 3944 01

250 3998 416 4072 Durendo
442 3997 487 4074 10
511 3995 707 4068 Brundusio
728 3996 885 4089 ejusdem
907 3996 1002 4068 curie
1021 3995 1216 4088 judicibus,
1234 3994 1409 4068 Iohannes
1424 3996 1558 4068 Gallina
1573 4017 1655 4092 pro-

250 4133 389 4197 curator
419 4120 550 4194 domini
573 4120 726 4212 Gregorii
751 4121 919 4212 Mustacii,
940 4119 1036 4215 quod
1057 4119 1223 4209 constitit,
1251 4129 1373 4192 contra
1392 4119 1559 4192 Iacobum
1580 4120 1656 4192 Cle·

249 4249 358 4321 uicum
390 4255 650 4343 procuratorem
685 4244 816 4316 domini
847 4244 996 4339 Philippi
1030 4243 1240 4315 venerabilis
1270 4243 1445 4316 Pectensis
1478 4243 1653 4338 episcopi,

249 4555 422 4624 ldulnbusen,
441 4551 602 4623 1111101101,
623 4549 778 4622 Solotbern,
799 4553 898 4622 Berue,
917 4551 1028 4622 zurich,
1049 4550 1235 4623 Sebuinuscn,
1249 4550 1343 4607 scribit
1361 4556 1391 4608 ut
1404 4550 1512 4608 nuutios
1527 4552 1658 4612 eeclesiae

250 4655 277 4711 S.
291 4652 363 4710 1011
374 4652 403 4708 in
415 4649 582 4710 Columbaria
595 4655 706 4723 propter
723 4649 884 4706 discordiam
901 4648 970 4706 inter
986 4665 1083 4723 papam
1101 4654 1130 4706 et
1149 4650 1338 4722 imperatorem
1356 4649 1573 4722 possessionibus
1593 4666 1658 4726 spo-

250 4751 327 4809 liatae
337 4755 367 4808 et
379 4749 460 4807 etiam
474 4753 668 4818 concrematae,
684 4747 822 4804 caritative
837 4746 978 4820 accipiant.

1715 2215 1829 2314 111111
1869 2209 1872 2216 ’
