4306 5914
216 616 317 676 met.
334 613 381 690 7.]
662 606 861 670 nlsrolue
882 605 1178 669 ulrbotltlrtcs.
1563 603 1625 664 oto

217 745 428 843 presentiam
450 743 569 815 utilem
591 741 733 814 instanti
753 740 991 837 promovendo
1011 741 1151 832 negotio
1174 738 1354 811 nobiscum
1376 737 1564 809 retinentes
1580 738 1626 810 ad

218 875 376 960 tempus,
400 885 446 935 ne
473 863 589 954 aliqua
613 860 729 932 medio
755 870 910 956 tempore
934 859 1066 955 possint
1090 858 1291 950 contingere
1316 856 1415 928 vobis
1444 856 1626 929 inferentia

217 988 405 1079 lesionem,
426 987 579 1058 nobilem
602 986 716 1057 virum
736 986 776 1057 R.
803 984 847 1056 de
875 983 1030 1078 Suppino
1051 983 1212 1055 comitem
1234 981 1434 1055 llomaniole
1462 979 1626 1053 dilectum

217 1109 359 1182 fidelem
368 1119 539 1200 nostrum,
550 1108 857 1202 decujusexperta
871 1105 1043 1202 probitate
1055 1104 1382 1198 confidimus,cujus
1395 1105 1629 1178 sinceritatem

217 1234 348 1307 nullius
373 1233 603 1328 suggestionis
627 1232 826 1328 perversio,
848 1231 978 1304 nullius
1007 1231 1214 1304 conditionis
1239 1231 1407 1327 impulsus
1430 1231 1627 1326 nulliusque

218 1359 316 1430 labes
331 1357 562 1452 corruptionis
580 1367 701 1428 contra
714 1356 937 1430 devotionem
952 1356 1103 1430 Ecclesia
1119 1377 1160 1429 ac
1175 1355 1377 1428 fidelitatem
1392 1365 1544 1428 nostram
1563 1357 1627 1429 ali-

218 1477 347 1576 quibus
361 1477 475 1577 potuit
487 1473 631 1553 maculis
644 1471 840 1573 denigrare,
856 1475 1097 1552 constituimus
1111 1477 1316 1551 excellentie
1332 1489 1449 1552 nostre
1462 1479 1629 1552 vicarium

219 1607 255 1678 is
268 1604 663 1701 partibuslombardie,
683 1603 808 1676 eodem
825 1603 1032 1676 cancellario
1047 1613 1166 1676 nostro
1184 1601 1428 1675 nichilominus
1448 1603 1629 1698 evestigio

219 1740 452 1826 properante3
468 1728 626 1801 fidelitati
642 1738 757 1800 vestre
778 1729 887 1800 nostri
908 1727 1066 1800 culminis
1088 1727 1291 1800 arctanteta
1315 1727 1518 1800 mandantes
1537 1739 1577 1800 ut
1598 1729 1631 1800 ei

221 1865 389 1948 tanquam
406 1853 507 1926 nobis
523 1853 560 1924 in
577 1852 739 1925 omnibus
758 1868 828 1946 qne
846 1851 892 1925 ad
912 1852 1090 1948 imperiale
1111 1849 1302 1926 dominium
1321 1851 1495 1949 pertinent
1514 1854 1629 1925 inten-
1671 1893 1675 1902 ·

220 1975 326 2052 datis.
343 1971 415 2050 Nos
435 1977 528 2050 enim
546 1975 645 2050 firma
663 1985 699 2050 et
715 1987 792 2050 rata
806 1999 943 2075 semper
957 1974 1164 2049 babebimus
1181 1978 1311 2069 banna,
1330 1986 1471 2069 statuta,
1488 1987 1628 2050 senten·

221 2101 288 2174 tias
311 2112 348 2174 et
367 2112 531 2198 precepta
549 2123 618 2195 que
640 2123 703 2174 sua
724 2101 985 2197 circumspectio
1010 2102 1151 2174 duxerit
1170 2101 1390 2196 proterenda,
1415 2112 1450 2174 et
1469 2122 1515 2174 ex
1536 2124 1630 2176 nunc

221 2227 298 2322 ipsa
315 2237 355 2299 ut
371 2227 578 2298 infuturum
591 2225 740 2298 validius
758 2226 986 2298 observentur
999 2226 1169 2321 presentis
1182 2227 1301 2322 scripti
1316 2226 1440 2299 robore
1453 2224 1631 2299 confirma·

221 2369 315 2423 ωε.
333 2349 394 2424 ffrc
415 2351 533 2444 ltaque
557 2347 624 2422 sibi
646 2349 684 2420 is
706 2365 855 2444 persam
881 2359 998 2422 nostra
1019 2351 1117 2422 velut
1139 2351 1201 2421 nni
1225 2369 1271 2422 ex
1293 2350 1484 2422 carioribus
1504 2348 1631 2422 nostris

222 2474 393 2547 uambae
403 2475 544 2570 phuam
557 2473 791 2546 obedientiam
805 2473 972 2545 exhibere
987 2474 1118 2545 curetis
1129 2474 1247 2568 sicque
1259 2473 1295 2544 in
1304 2491 1454 2568 persona
1467 2483 1585 2545 nostra
1599 2475 1633 2546 ei

222 2599 396 2672 honorem
410 2598 568 2672 debitum
583 2597 802 2693 impendatis,
821 2607 861 2668 ut
873 2617 954 2669 cura
968 2597 1172 2694 inpartibus
1181 2598 1247 2670 illis
1259 2598 1469 2693 presentiam
1478 2607 1634 2670 nostrum

221 2723 348 2796 adesse
373 2721 577 2816 contigerit,
600 2722 718 2794 tractis
744 2722 1009 2817 repagulisque
1034 2721 1214 2816 bucusque
1240 2731 1446 2818 conceptum
1468 2721 1634 2795 veniendi

146 2945 150 2950 ¹
221 2846 441 2942 propositum
458 2845 680 2918 retardarunt
694 2863 738 2917 ac
751 2845 900 2918 inimicis
912 2839 1097 2918 victoriosa
1118 2856 1241 2919 nostro
1257 2845 1404 2941 imperio
1422 2845 1630 2938 salsugatis,

221 2971 397 3064 gradatim
412 2971 602 3064 quemlibet
617 2970 714 3043 velut
728 2985 872 3043 snorum
883 2970 1086 3042 meritorum
1098 2969 1259 3064 suffragia
1273 2969 1505 3066 poposcerint,
1526 2973 1634 3065 gratis

222 3093 404 3167 bneficiis
420 3105 456 3166 et
471 3093 586 3188 dignis
600 3093 789 3167 bonoribus
804 3095 1013 3164 attollamus.

273 3221 403 3292 Datum
416 3219 452 3289 in
470 3219 592 3290 castris
609 3214 659 3315 [in
675 3216 855 3290 obsidione
868 3214 989 3315 equis]
996 3269 1205 3290 ......

986 3494 1429 3519 Q

283 3759 393 3842 Circa
428 3759 611 3841 kalendas
646 3760 810 3842 octobris
841 3754 973 3844 Petrus
1001 3761 1202 3844 Becherius
1237 3759 1494 3844 marchionem
1527 3753 1636 3846 Lan-

226 3889 329 3973 ciam
346 3915 435 3974 cum
457 3887 592 3973 militia
609 3887 746 4001 Papiae
764 3892 802 3972 in
821 3893 1009 3976 civitatem
1028 3893 1283 3982 vercellarum
1305 3895 1526 3978 introduxit.
1550 3895 1639 3978 Post

225 4023 327 4106 haec
346 4023 550 4132 imperator
571 4024 736 4132 quierat
760 4027 862 4134 apud
891 4025 1045 4133 Casale,
1071 4026 1260 4109 civitatem
1288 4025 1543 4112 vercellarum
1565 4028 1636 4109 in-

227 4158 359 4240 travit.
397 4157 466 4240 Ubi
502 4169 758 4242 convenerunt
792 4185 918 4242 comes
955 4159 1166 4242 Sabaudiae
1201 4169 1239 4242 et
1270 4184 1397 4241 comes
1430 4159 1645 4244 Fraudelae·

230 4287 475 4400 (lllandriae)
499 4298 536 4372 et
560 4290 625 4372 alii
646 4290 802 4373 comites
829 4302 866 4374 et
890 4291 1129 4374 marchiones
1154 4290 1306 4374 illarum
1332 4292 1497 4401 Quum
1525 4305 1641 4402 etque

229 4422 362 4504 nuncii
385 4421 639 4531 plurimorum
657 4449 793 4534 regum
816 4433 855 4506 et
880 4423 1063 4508 comitum
1086 4423 1395 4537 maidentalium,
1417 4425 1484 4533 qui
1508 4446 1641 4509 ornnes

230 4553 493 4638 marchionem
524 4555 791 4640 Montislerrati
820 4555 1016 4639 mandatis
1037 4557 1274 4666 imperatoris
1301 4582 1433 4665 parere
1455 4555 1638 4641 lecerunt.

232 4687 406 4770 Chronic.
428 4691 474 4771 de
492 4690 571 4770 reb.
596 4687 636 4770 ia
654 4691 741 4770 Ital.
759 4689 882 4798 pestis,
905 4716 944 4797 p.
966 4692 1058 4773 218.
