4318 5904
471 616 473 621 ⁵
534 625 597 689 936
1085 625 1399 691 seorstanum.

617 789 786 869 (Memorat
799 805 848 867 ap.
863 788 1025 866 manum,
1039 787 1151 871 Arent.
1163 789 1282 870 imper„
1290 806 1323 868 p.
1334 798 1406 870 tlt,
1417 798 1451 850 n·
1460 745 1515 867 ¹to,
1532 807 1568 852 ex
1582 792 1667 870 capla
1681 791 1854 856 numantiae
1866 795 1944 873 apud

631 897 632 900 ’
655 892 806 975 Puplum.)

582 1055 708 1127 Datum
730 1053 911 1147 Cremona,
928 1054 974 1127 Vl
989 1055 1089 1146 maii,
1109 1054 1297 1128 indictione
1312 1054 1370 1128 Vl.

339 1636 486 1745 „ffirgffi
583 1619 796 1704 Fridericus
817 1619 866 1704 de
884 1619 1103 1728 Antiochia,
1129 1619 1278 1729 imperii
1304 1619 1345 1702 in
1372 1617 1511 1704 'Iuscia
1536 1618 1701 1704 vicanus
1727 1619 1935 1730 generalis,

529 1753 731 1837 confitetur
774 1779 816 1838 se
848 1751 1123 1838 mercatoribus
1168 1749 1400 1838 Senensihus
1444 1751 1520 1836 tria
1557 1751 1680 1836 millia
1719 1776 1935 1836 marcarum

528 1887 675 1997 argenti
706 1886 866 1992 debere,
902 1886 951 1968 ad
981 1912 1146 1996 quarum
1176 1885 1406 1970 solutionem
1430 1911 1499 1995 per
1521 1883 1695 1996 emplum
1725 1883 1935 1968 securitatis

525 2018 822 2102 instrumentum
840 2045 881 2102 se
898 2017 1056 2128 obligat.

606 2231 701 2312 (Ildlt.
716 2249 766 2311 ap.
781 2233 869 2296 Rara
881 2239 912 2295 et
925 2233 1049 2306 murm,
1065 2232 1149 2296 Serio
1160 2231 1203 2296 te
1217 2235 1308 2298 nicar.
1323 2233 1357 2296 or
1371 2233 1511 2309 emar,
1524 2240 1550 2296 t.
1565 2233 1625 2310 vl,
1641 2251 1673 2312 p.
1688 2232 1752 2313 tt.)

570 2419 698 2492 Actum
713 2420 813 2492 Senis
828 2441 945 2492 coram
962 2419 1103 2494 domino
1115 2420 1290 2494 llanuocio
1301 2420 1441 2515 jndice,
1454 2420 1611 2494 Renaldo
1626 2419 1672 2493 de
1684 2421 1929 2512 Bonenaegna‚

521 2543 664 2618 domino
679 2545 781 2617 Petro
798 2543 843 2616 de
857 2543 1059 2634 Antiochia,
1076 2544 1179 2618 Alexi
1194 2545 1405 2618 marescalco
1421 2544 1554 2618 domini
1569 2544 1679 2640 regis,
1697 2543 1835 2618 lluscha
1852 2543 1931 2617 Gui-

521 2667 639 2760 donis,
659 2677 743 2759 etc,
765 2689 859 2742 anno
880 2667 1054 2742 dominice
1070 2668 1318 2741 incarnationis
1338 2669 1386 2742 hl.
1402 2669 1464 2742 OC.
1477 2667 1629 2760 XLVIII,
1645 2667 1693 2740 IX
1701 2668 1801 2762 julii,
1818 2667 1929 2742 indic·

521 2793 614 2866 tione
632 2793 677 2865 vl

315 3323 485 3424 numaga„
571 3301 812 3385 Innocentius
836 3324 936 3409 papa
964 3298 1141 3410 episcopo
1168 3299 1393 3384 Taurinensi
1416 3301 1576 3386 mandat
1601 3303 1707 3414 quod
1733 3302 1923 3389 Mediola-

370 3383 432 3477 hh.
516 3461 672 3542 nenses,
700 3433 907 3518 lanucnses
937 3442 976 3516 ct
1004 3432 1243 3517 Placentinos
1274 3443 1387 3544 cogat
1418 3434 1469 3517 ad
1498 3434 1705 3519 mittendos
1728 3433 1923 3521 Bonifacic

516 3566 726 3651 marchioni
762 3563 1030 3650 Montisierrati
1061 3565 1201 3649 milites
1227 3575 1266 3650 ot
1299 3565 1516 3650 balistarios
1551 3592 1652 3678 quos
1686 3569 1758 3653 iste
1784 3569 1924 3654 nobilis

514 3700 689 3812 requirit.

596 3915 722 3996 (lnedlt.
737 3931 776 3976 ex
789 3913 856 3976 eorl.
871 3912 948 3977 Blhl.
962 3913 1062 3976 Cesar.
1076 3911 1187 3989 Parte,
1200 3911 1368 3995 σκηνή
1379 3911 1468 3996 latia,
1480 3924 1515 3978 n·
1528 3923 1619 3992 tote,
1633 3917 1719 3996 eun.
1736 3917 1819 3998 tto.)

560 4108 687 4179 Datum
705 4101 877 4195 Lugduni,
897 4101 972 4175 Vlll
985 4099 1152 4175 kalendas
1167 4101 1332 4194 octobris,
1352 4122 1446 4175 enno
1460 4102 1518 4177 Vl.

302 4695 470 4849 ,affirm
561 4695 773 4780 Fridericus
796 4695 846 4781 do
868 4695 1089 4803 Antiochia,
1116 4696 1265 4806 imperii
1290 4697 1330 4782 in
1358 4699 1496 4785 Tuscia
1523 4702 1687 4788 vicarius
1705 4707 1913 4816 generalis,
