4306 5914
528 598 589 661 'ilo
1025 599 1240 663 balnearet
1264 599 1439 664 sacuam
1745 593 1828 680 [An.
1845 597 1939 664 12⁴9.

528 735 775 827 limitanorum,
793 734 857 808 init
870 735 972 808 nobis
982 734 1163 809 humiliter
1173 738 1406 834 supplicatum
1421 744 1461 806 ut
1475 753 1556 806 oum
1568 731 1645 828 ipsa
1658 730 1697 806 C.
1717 741 1801 804 nato
1813 731 1942 808 Frede-

526 857 590 932 rioi
605 859 781 953 quondam
797 859 1028 954 imperatoris,
1046 860 1146 952 regni
1160 858 1426 936 ierosolimitaui
1449 855 1590 947 heredi,
1606 853 1699 928 inter
1711 863 1847 930 eeteros
1861 857 1948 964 ojus

525 983 801 1076 consanguineos
820 1006 908 1079 quos
923 984 960 1056 in
981 984 1138 1079 partibas
1164 986 1231 1058 illis
1254 985 1381 1077 babet,
1407 979 1612 1080 proximiori
1627 979 1939 1074 consanguinitatis

524 1109 617 1182 linea
630 1108 720 1180 siout
731 1108 854 1181 asserit
871 1107 916 1181 sit
932 1108 1133 1201 conjuncta,
1150 1118 1272 1182 ettam
1290 1109 1335 1182 de
1349 1111 1429 1203 jure
1445 1127 1551 1202 quam
1566 1105 1612 1178 de
1627 1103 1771 1199 antiqua
1785 1125 1937 1179 eonsue-

525 1231 645 1306 tudine
660 1233 760 1326 regui
775 1232 933 1326 ejusdem
950 1232 979 1304 is
994 1233 1055 1328 qui
1072 1231 1265 1328 proximior
1280 1243 1334 1306 est
1347 1230 1487 1326 heredi,
1508 1251 1551 1304 eo
1566 1230 1725 1320 absente,
1741 1227 1936 1302 dominium

519 1367 559 1432 et
573 1356 767 1452 bajularum
781 1357 889 1453 ipsius
903 1357 1002 1451 regni
1015 1356 1144 1430 debeat
1155 1357 1326 1448 obtinere,
1338 1356 1456 1429 induci
1474 1376 1552 1428 eam
1565 1375 1629 1451 per
1643 1363 1677 1427 te
1690 1353 1728 1426 iu
1745 1353 1936 1450 possessio-

522 1500 604 1554 uem
621 1478 793 1554 dictorum
808 1480 953 1553 dominii
969 1490 1005 1553 et
1020 1481 1194 1574 bajulatus
1207 1481 1455 1574 inductamque
1471 1478 1627 1570 defendi,
1642 1486 1759 1551 amoto
1777 1475 1937 1571 quolibet

521 1601 704 1676 detentore
720 1603 854 1696 illicito,
874 1605 1079 1696 iaoeremus3
1098 1605 1304 1678 mandamus
1318 1613 1490 1699 quatenus
1513 1601 1678 1696 inquisita
1693 1622 1799 1695 snper
1816 1600 1883 1674 boo
1897 1609 1935 1672 ot

522 1727 660 1819 cognita
678 1727 877 1820 diligentius
891 1728 1058 1822 veritate,
1076 1728 1105 1801 si
1124 1751 1198 1802 rem
1218 1728 1392 1802 inveneris
1412 1728 1461 1800 ita
1481 1747 1572 1818 esse,
1592 1725 1629 1800 id
1650 1725 1680 1799 si
1700 1724 1746 1798 do
1769 1724 1875 1821 pleno
1896 1730 1934 1796 et

521 1851 653 1945 absquo
667 1851 831 1924 seandalo
847 1849 922 1924 fieri
938 1851 1063 1947 possit,
1075 1853 1279 1927 auctoritate
1294 1861 1413 1928 nostra
1427 1850 1516 1926 siout
1526 1851 1660 1945 justum
1676 1849 1792 1940 fuerit,
1803 1848 1932 1942 exequi

521 1995 593 2047 non
609 1975 765 2066 omittas,
784 1983 852 2048 eto.

569 2096 709 2196 [Datum
726 2095 977 2197 Lugduni],1X
990 2097 1157 2172 kalendas
1170 2099 1301 2197 aprilis,
1319 2119 1412 2173 euno
1423 2098 1482 2172 Vl.

336 2632 366 2725 „1
436 2642 451 2726 ⁰.
571 2618 803 2723 Friderious,
831 2619 1091 2703 Romanorum
1116 2621 1336 2731 imperator,
1366 2619 1447 2730 regi
1474 2617 1655 2701 Franciae
1682 2616 1931 2728 oonqoeritur

516 2753 565 2836 de
592 2777 770 2862 processu
798 2777 919 2862 papae
944 2761 982 2836 et
1013 2753 1062 2837 de
1089 2752 1270 2838 fratribus
1296 2751 1623 2838 Praedioatoribus
1649 2761 1688 2834 et
1717 2749 1928 2834 Minoribus

515 2895 648 2974 eontra
685 2911 725 2968 se
765 2885 805 2967 in
841 2911 960 2996 regno
1001 2886 1220 2997 agentibus,
1259 2885 1450 2998 simulque
1495 2884 1711 2992 denuntiat,
1751 2882 1929 2968 uberiore

515 3027 684 3127 tompore
702 3018 938 3126 suooedente,
959 3018 1015 3102 illi
1033 3045 1074 3103 se
1094 3019 1270 3104 victualia
1288 3018 1520 3129 inpartibus
1538 3016 1804 3102 transmarinis
1820 3017 1926 3100 mis-

516 3174 663 3234 eurum.

594 3391 689 3472 (batt.
704 3394 735 3453 iu
752 3392 836 3455 Patri
847 3391 882 3454 de
898 3392 964 3455 Via.
979 3394 1077 3474 epist,
1093 3394 1146 3457 llb.
1162 3394 1189 3474 Ι,
1204 3411 1271 3474 oep.
1285 3393 1398 3470 XVIII,
1413 3393 1484 3456 ooli.
1497 3409 1566 3456 eum
1578 3393 1646 3457 eod.
1660 3393 1737 3456 Bibi.
1753 3394 1852 3458 emar.
1864 3393 1922 3456 Pa·

632 3495 794 3580 rio.,soada
805 3495 1047 3563 Satist-Garmias
1059 3495 1189 3580 Horlop,
1204 3509 1237 3562 n·
1253 3499 1336 3581 465.)

559 3704 648 3778 Satis
660 3725 725 3780 nos
738 3707 862 3802 pungit
876 3705 1023 3779 interius
1036 3729 1091 3779 res
1103 3727 1197 3780 nova
1212 3728 1318 3802 quam
1333 3705 1529 3798 scribimus,
1538 3705 1644 3779 immo
1657 3715 1776 3778 nostra
1791 3703 1923 3778 medul-

509 3827 590 3902 litus
605 3828 769 3903 interiora
784 3831 979 3925 perturbat,
992 3829 1078 3902 dum
1093 3829 1142 3903 ibi
1158 3829 1295 3904 noviter
1307 3829 1540 3925 inquietamur
1553 3829 1704 3903 amarius
1719 3831 1781 3902 ubi
1795 3829 1921 3924 quietis

508 3949 729 4026 dulcedinem
738 3953 927 4026 studiosius
936 3975 1180 4049 procuramus,
1196 3953 1279 4027 iude
1292 3953 1480 4026 crudeliter
1493 3952 1650 4027 cadimur
1670 3962 1706 4025 et
1723 3952 1921 4050 impetimur

507 4075 742 4172 impudenter,
760 4077 855 4151 undo
871 4077 967 4173 pacis
983 4075 1129 4150 deberet
1144 4076 1249 4151 hodie
1265 4077 1404 4174 prodire
1418 4076 1622 4152 charitativa
1636 4077 1771 4171 religio,
1790 4086 1826 4149 et
1839 4075 1921 4148 bea·

507 4198 664 4274 titudinis
678 4200 773 4274 zelus
793 4221 815 4274 a
832 4198 916 4274 fidoi
931 4211 1048 4275 nostre
1068 4201 1259 4276 cultoribus
1282 4202 1474 4298 expectari.
1492 4201 1560 4274 Iste
1575 4200 1748 4298 siquidem
1765 4220 1920 4272 summus

505 4321 679 4420 pontifex,
696 4331 814 4418 pastor
827 4323 997 4417 Eoolesie',
1012 4324 1074 4418 qni
1090 4334 1258 4420 quantum
1273 4346 1338 4398 nos
1354 4324 1488 4398 dudum
1503 4323 1667 4418 gravibus
1686 4322 1821 4418 injuriis
1836 4343 1918 4420 pro·

506 4445 652 4538 vooerit,
669 4444 860 4521 affectionis
873 4457 990 4522 vestre
1003 4448 1163 4521 notitiam
1179 4447 1267 4522 soire
1283 4447 1501 4542 confidimus,
1517 4469 1584 4521 neo
1599 4447 1750 4521 muudus
1765 4447 1915 4540 ignorat,

506 4569 648 4664 sagittas
666 4577 786 4643 acuas
807 4571 932 4645 emittit
952 4572 997 4646 de
1010 4573 1193 4670 pharetra,
1212 4572 1297 4645 dum
1319 4573 1402 4646 satis
1421 4573 1486 4646 sibi
1506 4574 1581 4645 iore
1606 4593 1678 4646 non
1701 4573 1865 4646 estimans
1879 4569 1916 4644 iu

506 4691 603 4768 italie
618 4692 775 4789 pertibus
794 4695 966 4770 ooutiuuis
979 4697 1104 4791 jaculis
1117 4696 1292 4794 impetisse
1304 4719 1369 4774 nos
1382 4697 1563 4789 hacteuus,
1574 4695 1640 4768 uisi
1656 4717 1752 4768 nuno
1765 4695 1801 4768 in
1813 4716 1917 4792 peon·
