4300 5916
225 611 326 670 laum
341 607 389 685 4.]
673 608 869 673 urseolus
894 608 1190 674 oleionnulcn.
1576 607 1637 670 867

228 741 430 832 suntheim,
451 743 551 834 Nagil
569 743 614 816 de
630 743 879 836 Nittensheim,
896 745 1065 818 Henricus
1077 743 1122 818 de
1138 741 1389 840 Eppilnsheim.
1407 740 1442 812 Si
1456 762 1540 813 vero
1559 763 1639 836 pars

228 863 432 938 eorumdem
453 865 581 937 civium
604 876 725 939 contra
751 879 889 963 pactum
914 869 1070 961 ejusdem
1095 865 1280 939 concordie
1304 862 1440 936 venerit
1461 885 1537 936 eam
1558 886 1638 957 pre·

228 989 465 1084 sumptuosius
488 988 724 1081 inlringendo,
751 993 934 1066 consilium
965 992 1073 1088 ipsius
1099 989 1248 1062 civitatis
1278 990 1393 1060 locum
1422 987 1483 1080 qui
1514 987 1643 1060 dicitur

229 1113 368 1184 llundot
383 1112 563 1184 intrabunt
575 1112 744 1204 similiter,
762 1117 808 1188 ab
827 1115 951 1189 eodem
967 1116 1044 1190 loco
1062 1136 1133 1188 non
1149 1111 1316 1186 recessuri
1325 1112 1437 1186 donec
1450 1111 1524 1206 pari
1533 1131 1637 1206 pena,

229 1236 461 1308 satisfactione
476 1245 511 1307 et
523 1235 664 1308 infamia
678 1238 805 1330 quibus
821 1239 933 1311 dictus
947 1239 1157 1312 camerarius
1172 1237 1333 1309 astrictus
1346 1245 1412 1324 est,
1430 1234 1641 1307 satisfaciant

228 1368 270 1430 ut
295 1346 540 1432 tenentur.'Et
557 1360 587 1432 si
611 1361 794 1454 contigerit
816 1362 968 1458 aliquem
994 1363 1074 1436 XIX
1094 1364 1290 1455 juratorum
1312 1358 1546 1455 predictorum
1560 1379 1639 1430 cum

230 1482 354 1554 eodem
376 1482 554 1578 Philippo,
579 1483 653 1556 sive
673 1485 909 1580 predictorum
938 1507 1003 1558 sex
1026 1487 1086 1581 qui
1110 1485 1211 1558 electi
1225 1483 1364 1556 suntad
1377 1482 1639 1555 discernendam

228 1606 412 1678 veritatem
433 1605 478 1677 de
499 1607 700 1680 excessibus
720 1608 828 1704 partis
854 1609 1054 1703 utriusque,
1083 1609 1156 1682 sivo
1177 1609 1348 1680 dictorum
1368 1605 1640 1678 consiliariorum

227 1729 557 1815 wormaciensium,
576 1732 721 1804 mortale
742 1732 911 1804 tributum
924 1733 1055 1822 subire,
1072 1732 1187 1804 statim
1209 1730 1298 1804 alius
1321 1731 1397 1801 loco
1412 1729 1519 1824 ipsius
1535 1729 1642 1801 debet

231 1853 305 1924 sine
321 1873 417 1924 mora
433 1853 587 1947 qualibet
601 1855 781 1948 subrogari
797 1867 837 1928 ut
850 1857 1048 1928 nullatcnus
1062 1857 1264 1929 eorumdem
1275 1875 1440 1924 numerus
1450 1853 1638 1925 minuatur.

230 1977 282 2048 lle
304 1977 456 2069 quodam
477 1987 593 2049 autem
617 2000 726 2073 puero
751 1981 811 2074 qui
825 1979 861 2052 in
876 1979 1039 2052 conflictu
1052 1989 1127 2052 orte
1139 1979 1310 2051 discordie
1324 1976 1458 2050 occisus
1473 1988 1545 2065 est,
1564 1975 1642 2047 talis

231 2100 413 2195 promissio
438 2101 626 2174 intervenit
651 2103 747 2196 quod
766 2103 879 2175 dictus
898 2104 1088 2200 Phylippus
1110 2124 1295 2198 procurare
1312 2110 1449 2173 tenetur
1464 2109 1504 2170 ut
1520 2121 1641 2172 omues

232 2225 480 2315 consanguinei
504 2234 539 2297 et
565 2225 666 2297 amici
698 2227 856 2319 ejusdem
887 2227 985 2321 pueri
1012 2249 1058 2299 ex
1073 2238 1172 2323 parte
1186 2226 1305 2298 matris
1323 2224 1496 2295 remittere
1512 2221 1642 2296 debent

231 2369 321 2443 puro
335 2349 439 2422 corde
453 2369 591 2422 omnem
611 2371 740 2421 noxam
754 2351 923 2423 adversus
937 2352 1128 2446 quemlibet
1145 2351 1205 2446 qui
1220 2351 1264 2423 de
1277 2349 1384 2445 ipsius
1399 2357 1510 2420 morte
1525 2356 1642 2443 posset

232 2472 355 2543 morito
371 2472 568 2563 conveniri,
586 2484 621 2544 et
636 2485 722 2568 aput
734 2475 1010 2567 consanguineos
1026 2473 1133 2569 patris
1150 2473 1257 2568 ipsius
1267 2469 1443 2568 puerilide
1453 2471 1545 2542 bona
1560 2489 1640 2563 par·

234 2603 285 2666 tes
302 2617 381 2666 suas
397 2595 594 2691 interponet
608 2608 649 2666 ut
666 2597 822 2668 similiter
838 2599 969 2670 nullam
985 2598 1174 2670 vindictam
1191 2598 1235 2670 do
1250 2607 1362 2670 morte
1378 2592 1523 2690 predicti
1544 2593 1642 2687 pueri

233 2738 379 2810 querere
394 2720 591 2792 moliantur.
609 2722 770 2792 Preterea
785 2721 930 2813 quilibet
946 2722 1103 2816 captivus
1122 2722 1283 2793 detentus
1299 2743 1362 2815 per
1374 2719 1467 2791 rives
1482 2718 1640 2789 Warma-

234 2840 367 2912 cieuses
384 2841 443 2934 qui
459 2843 494 2913 in
510 2843 633 2914 eodem
649 2843 811 2936 conflictu
828 2844 918 2939 capti
934 2846 1090 2934 fuerunt,
1106 2844 1275 2937 jurabunt
1290 2865 1369 2915 cum
1384 2851 1532 2936 quatuor
1550 2839 1637 2925 aliis,

234 2974 270 3035 et
293 2965 464 3059 Rupertus
491 2967 551 3059 qui
576 2967 704 3038 dicitur
722 2989 838 3042 comes
862 2969 1020 3040 Hirsutus
1036 2991 1115 3039 cum
1132 2969 1285 3061 quinque
1299 2967 1376 3038 aliis
1390 2987 1526 3052 secum,
1546 2961 1640 3056 quod

234 3089 364 3160 nullam
381 3089 570 3162 vindictam
584 3091 629 3164 de
644 3092 796 3185 ipsorum
812 3093 971 3186 captione
988 3093 1044 3163 vel
1061 3092 1105 3162 de
1122 3091 1282 3188 dampnis
1298 3091 1401 3162 illatis
1417 3089 1467 3160 eis
1480 3094 1642 3179 quereret

234 3213 290 3282 vel
307 3214 405 3305 queri
417 3215 520 3286 faciet
534 3215 702 3288 adversus
716 3217 1007 3288 Warmaciensem
1026 3215 1226 3310 episcopum
1246 3216 1299 3286 rel
1318 3215 1410 3286 cives
1426 3213 1643 3303 ejusdem,et

234 3355 372 3431 semper
390 3337 435 3410 de
451 3348 567 3411 cetero
584 3339 760 3411 bonafide
779 3361 842 3434 pro
857 3339 977 3410 amicis
991 3338 1170 3410 habebunt
1183 3339 1346 3425 eosdem;
1369 3348 1405 3408 et
1420 3333 1642 3423 similiterju·

234 3470 430 3532 ramentum
445 3463 571 3534 facient
584 3483 704 3536 omnes
718 3464 846 3558 captivi
860 3465 920 3555 qui
934 3463 970 3533 in
988 3463 1134 3534 vinculis
1149 3463 1271 3557 prefati
1287 3459 1465 3533 camerarii
1483 3457 1643 3530 detinen-

235 3581 309 3654 tur(
325 3568 494 3657 'Promisit
523 3587 666 3680 insuper
699 3587 791 3660 idem
821 3587 1013 3684 Plrylippus
1037 3588 1073 3658 in
1094 3587 1267 3681 presentia
1281 3594 1399 3658 nostra
1413 3584 1497 3657 dare
1514 3583 1644 3653 litteras

233 3716 372 3800 apertas
387 3707 521 3779 civibus
532 3709 847 3782 Warmaciensibus
862 3710 1037 3802 inquibus
1052 3709 1181 3783 debent
1194 3707 1323 3803 apponi
1333 3707 1444 3800 sigilla
1455 3702 1644 3780 Eberhardi

234 3839 269 3900 et
283 3829 419 3902 Ottonis
436 3832 580 3903 fratrum
596 3833 641 3904 de
657 3833 856 3924 Eberstein‚
877 3833 1043 3906 Friderici
1057 3833 1192 3906 comitis
1206 3833 1250 3905 de
1266 3833 1454 3923 Liningen,
1473 3827 1644 3900 Silvestris

233 3954 370 4026 comitis
387 3964 423 4027 et
442 3955 666 4029 Embichonis
687 3956 749 4028 lilii
766 3958 839 4046 sui,
857 3957 1010 4029 Heinrici
1023 3957 1124 4029 Irsuti
1138 3957 1293 4046 comitis,
1311 3954 1460 4028 Cunradi
1474 3951 1574 4024 Irsuti
1586 3971 1644 4022 oo-

234 4075 346 4165 mitis,
362 4078 547 4150 Wemheri
561 4079 606 4150 de
619 4079 817 4169 Bollandia‚
843 4081 992 4175 Philippi
1014 4081 1058 4155 de
1076 4080 1278 4153 Falcensten
1293 4079 1407 4150 fratris
1422 4075 1497 4164 sui,
1515 4075 1642 4146 Wern-

230 4199 306 4272 heri
320 4201 466 4295 dapiferi
480 4202 524 4274 de
539 4200 674 4294 dlzeia,
696 4205 791 4296 quod
808 4205 836 4275 si
853 4205 1042 4297 aliquando
1058 4205 1151 4276 idem
1169 4203 1359 4299 Phylippus
1371 4209 1491 4274 contra
1502 4207 1643 4293 pactum

193 4411 195 4416 k
231 4324 341 4418 ipsius
367 4326 551 4399 concordie
572 4327 721 4416 venerit,
745 4328 891 4423 predicti
908 4349 1030 4400 omnes
1055 4326 1244 4400 excludent
1262 4348 1342 4400 eum
1361 4347 1382 4397 a
1405 4321 1580 4396 consortio
1607 4329 1642 4390 et

232 4448 388 4520 amicicia
405 4471 526 4522 eorum
544 4472 609 4522 nec
625 4453 658 4522 ei
676 4452 881 4545 prestabunt
892 4451 1034 4542 aliquod
1047 4450 1216 4522 auxilium
1231 4460 1351 4522 contra
1364 4445 1640 4520 Warmacienses
1761 4463 1765 4478 ·

234 4570 421 4665 predictos.
449 4574 604 4646 Promisit
624 4575 767 4670 insuper
788 4575 994 4648 excellentia
1013 4585 1130 4646 nostra
1148 4575 1286 4666 utrique
1308 4573 1457 4669 partium
1473 4580 1512 4641 ut
1528 4569 1557 4641 si
1573 4567 1637 4639 ali·

233 4715 305 4787 qua
326 4695 480 4791 ipsarum
500 4699 650 4793 partium
675 4711 795 4774 contra
816 4711 955 4796 pactum
973 4698 1149 4770 nominate
1163 4697 1348 4772 concordie
1365 4694 1500 4770 venerit
1513 4703 1549 4766 et
1566 4713 1643 4765 eam
