4300 5916
366 4341 428 4395 lpnd

324 4391 457 4450 Nnrbnberg

524 603 585 664 848
972 647 974 650 ·
1049 607 1405 682 counbntouautt
1479 643 1482 660 ι
1739 607 1821 692 [Ast.
1838 609 1925 672 1243.

605 753 709 830 (Edld.
725 755 832 834 Pauci,
847 756 917 820 Cod.
933 757 1084 842 diplomat.
1098 755 1147 820 dcl
1156 775 1231 819 mar.
1245 753 1307 818 ord.
1325 749 1499 828 teocam,
1509 761 1534 816 t.
1549 754 1575 828 1,
1587 772 1618 833 p.
1634 766 1702 828 118,
1717 766 1751 818 n·
1764 755 1856 837 cx1.)
1914 815 1921 822 .

574 901 769 993 Conradus,
791 903 863 976 divi
882 906 1020 999 augusti
1041 905 1258 1002 imperatoris
1278 901 1442 976 Friderici
1462 899 1572 992 filius,
1585 903 1653 974 nei
1672 903 1783 995 gratia
1803 905 1925 976 Roma·

525 1046 650 1097 norum
672 1026 708 1096 in
729 1047 847 1118 regem
870 1029 1018 1116 electus,
1041 1050 1179 1123 semper
1206 1035 1373 1119 augustus
1398 1036 1433 1098 et
1450 1024 1553 1096 heres
1575 1027 1673 1119 regni
1696 1026 1921 1099 iherusalem.

525 1150 658 1220 Tenore
681 1151 893 1245 presentium
924 1162 1045 1223 notum
1073 1152 1217 1223 facimus
1247 1149 1418 1221 universis
1448 1149 1543 1244 quod
1574 1171 1687 1244 nuper
1713 1159 1926 1245 presentatus

524 1273 624 1344 nobis
640 1295 703 1366 pro
721 1284 819 1368 parte
838 1275 1045 1347 venerabilis
1058 1274 1211 1368 magistri
1231 1283 1267 1346 et
1280 1273 1425 1344 fratrum
1440 1271 1617 1367 hospitalis
1633 1273 1748 1345 Sancti
1762 1272 1925 1345 Iohannis

523 1395 812 1468 iherosolimitani
833 1406 1028 1468 nostrorum
1047 1396 1221 1486 fidelium,
1239 1405 1398 1492 patentes
1418 1395 1548 1468 litteras
1566 1396 1722 1489 ejusdem
1743 1397 1873 1468 domini
1890 1407 1925 1468 et

522 1520 689 1612 genitoris
709 1521 817 1591 nostri
837 1519 944 1622 ipsius
963 1522 1152 1612 majestatis
1170 1541 1271 1593 cereo
1294 1519 1406 1612 sigillo
1427 1519 1579 1590 munitas
1599 1520 1750 1593 vidimus
1770 1531 1806 1592 et
1821 1520 1923 1593 intel·

522 1644 684 1734 faximus,
702 1644 913 1716 continentie
929 1645 1007 1716 talis
1025 1668 1034 1714 ε

572 1765 791 1863 (Sequuntur
813 1767 947 1839 litterae
971 1767 1135 1840 friderici
1158 1766 1320 1854 secundi,
1348 1765 1421 1838 dat.
1445 1765 1598 1853 Melfiae,
1622 1769 1744 1840 ultimo
1768 1769 1919 1862 augusti,

522 1890 654 1986 primae
670 1889 879 1962 indictionis.
896 1891 983 1962 Vide
998 1913 1119 1985 supra,
1138 1901 1164 1963 t.
1183 1892 1244 1979 vt,
1263 1912 1298 1984 p.
1319 1888 1420 1986 ffb.)

569 2014 669 2086 Unde
697 2036 776 2085 cum
805 2025 972 2108 exparte
997 2014 1168 2086 dictorum
1193 2003 1347 2105 magistri
1374 2023 1409 2084 et
1435 2014 1580 2084 fratrum
1606 2013 1785 2109 hospitalis
1809 2015 1921 2088 Sancti

520 2137 687 2209 Iohannis
712 2135 1001 2208 iherosolimitani
1023 2147 1220 2209 nostrorum
1238 2136 1393 2208 fidelium
1413 2137 1518 2207 frrerit
1539 2147 1658 2208 nostro
1678 2137 1819 2209 culmini
1840 2161 1921 2234 sup·

520 2261 686 2354 plicatum
710 2271 751 2331 ut
775 2261 992 2332 commissam
1020 2263 1070 2334 eis
1090 2281 1209 2333 curam
1235 2271 1271 2332 et
1294 2260 1486 2333 custodiam
1514 2261 1597 2332 dicti
1624 2261 1728 2332 castri
1754 2262 1922 2334 Ascalone

520 2405 600 2457 cum
617 2383 833 2478 pertinentiis
853 2384 938 2472 suis,
959 2397 999 2455 ut
1020 2384 1150 2457 dictum
1174 2395 1243 2472 est,
1264 2395 1300 2456 et
1319 2407 1387 2477 que
1406 2384 1553 2480 proinde
1575 2384 1611 2454 in
1625 2385 1790 2479 predictis
1803 2387 1924 2458 litteris

520 2506 757 2601 imperialibus
771 2507 924 2599 apertius
940 2508 1175 2597 continentur,
1188 2518 1262 2579 rata
1275 2507 1403 2578 babere
1418 2518 1453 2578 et
1466 2505 1669 2578 confirmare
1684 2508 1734 2578 eis
1745 2508 1790 2580 de
1805 2520 1921 2581 nostra

520 2639 615 2701 corta
640 2630 782 2701 scientia
809 2629 1044 2721 dignaremur,
1075 2652 1139 2702 nos
1164 2653 1242 2702 cum
1270 2631 1316 2702 de
1345 2630 1536 2702 constantia
1560 2627 1640 2701 fidei
1665 2641 1701 2701 et
1729 2631 1921 2704 devotionis

520 2773 641 2826 eorum
660 2753 814 2847 plenarie
837 2751 1070 2842 confidamus,
1098 2753 1408 2848 supplicationibus
1427 2774 1490 2848 pro
1510 2765 1608 2848 parte
1627 2774 1746 2825 eorum
1768 2753 1920 2848 ipsorum

519 2877 619 2948 uobis
651 2875 817 2971 porrectis
841 2877 1077 2948 favorabiliter
1105 2888 1317 2966 annuentes,
1344 2877 1536 2949 custodiam
1563 2887 1598 2948 et
1627 2899 1745 2949 curam
1775 2879 1920 2974 predicti

518 3000 622 3071 castri
643 2999 815 3071 Ascalone
837 3021 916 3071 curn
943 3002 1160 3095 pertinentiis
1188 3003 1259 3072 suis
1283 3002 1366 3096 ipsis
1388 3001 1551 3093 magistro
1575 3011 1610 3072 ot
1630 3001 1793 3072 fratribus
1812 3001 1921 3073 sancti

519 3123 698 3217 hospitalis
718 3122 936 3194 commissam
953 3133 989 3194 et
1004 3124 1072 3195 alia
1087 3125 1203 3195 omnia
1219 3145 1287 3216 qne
1306 3125 1451 3219 proinde
1471 3124 1547 3195 fieri
1565 3125 1609 3197 de
1629 3125 1774 3218 predicti
1790 3127 1919 3197 domini

518 3256 555 3317 et
574 3245 681 3340 patris
698 3246 807 3317 nostri
830 3246 1048 3341 providentia
1070 3257 1106 3318 et
1123 3248 1343 3341 beneplacito
1364 3259 1623 3343 processerunt,
1641 3248 1730 3319 sicut
1746 3270 1788 3320 ea
1804 3250 1919 3322 omnia

517 3370 552 3439 in
570 3369 734 3463 predictis
749 3370 871 3441 litteris
888 3371 958 3442 suis
977 3393 1040 3466 per
1058 3373 1182 3442 seriam
1199 3373 1432 3464 continentur,
1446 3383 1521 3444 rata
1537 3382 1573 3444 et
1587 3371 1686 3444 firma
1702 3372 1871 3445 babemus
1884 3385 1920 3446 et

517 3493 648 3565 eisdem
669 3493 832 3584 magistro
853 3504 889 3565 et
907 3495 1070 3566 fratribus
1091 3517 1137 3565 ex
1159 3508 1253 3567 certa
1276 3495 1555 3568 nostra'scientia
1580 3493 1836 3568 confirmamus.
1863 3495 1916 3570 Ad

516 3617 616 3709 cnjus
644 3616 693 3687 rei
718 3617 919 3688 memoriam
943 3628 978 3690 et
1002 3618 1161 3689 stabilem
1185 3617 1402 3708 firmitatem,
1427 3627 1606 3714 presentes
1628 3618 1760 3690 litteras
1783 3617 1859 3691 fieri
1884 3629 1918 3691 et

516 3750 633 3812 nostre
651 3739 838 3830 majestatis
853 3741 966 3833 sigillo
980 3741 1146 3833 jussimus
1163 3742 1381 3814 communiri.

564 3866 690 3936 Datum
703 3863 798 3958 apud
811 3864 1075 3955 Nuorimbercb,
1096 3865 1218 3937 ultimo
1234 3865 1446 3957 novembris,
1465 3865 1493 3936 Η
1511 3865 1720 3938 indictionis.

568 4318 784 4426 Conradus,
814 4319 853 4399 in
880 4318 1140 4401 Romanorum
1170 4320 1487 4429 regemelectus,
1517 4315 1842 4399 confirmationem
1865 4313 1915 4397 ab

338 4431 469 4494 amsa·
512 4451 737 4559 imperatore
758 4462 865 4560 patre
888 4476 957 4533 suo
981 4450 1162 4534 fratribus
1182 4451 1379 4560 hospitalis
1406 4451 1565 4531 Sanctae
1584 4448 1722 4532 Mariae
1741 4448 1913 4529 Theuto-

512 4583 686 4666 nicorum
718 4582 908 4666 indultam
934 4610 1046 4692 super
1070 4584 1367 4666 commutatione
1394 4584 1582 4665 bonorum
1612 4578 1710 4661 iuter
1733 4577 1914 4661 Bertran-

511 4717 605 4800 dum
623 4715 789 4798 Porcelet
813 4725 851 4798 et
868 4715 1004 4798 fratres
1026 4715 1200 4822 eosdem,
1229 4724 1386 4798 renovat
1409 4725 1447 4798 et
1471 4712 1671 4796 inserendo
1698 4711 1911 4796 confirmet.
