4310 5908
500 561 562 628 rso
999 557 1212 625 rnrnnnrcr
1237 557 1408 625 scenunr
1721 560 1803 645 [un.
1821 561 1910 625 nse.

502 717 612 794 regno
640 709 759 772 nostro
780 699 890 772 libere
913 717 1029 771 emere
1053 697 1187 790 valeat,
1213 717 1282 792 que
1307 717 1371 794 pro
1386 697 1496 793 ipsius
1512 705 1548 769 et
1568 697 1698 770 inmitia
1711 715 1775 770 sne
1792 697 1913 770 usibus

500 823 631 898 uiderit
645 831 854 920 opportuna.

352 1505 366 1537 u
434 1524 441 1536 ·
493 1475 496 1480 -
557 1417 788 1527 Fridericus,
814 1403 1075 1512 Romanorum
1107 1421 1328 1531 imperator,
1358 1421 1552 1504 communi
1576 1389 1784 1506 Moceratne
1806 1419 1910 1503 fide-

503 1551 605 1638 libus
643 1555 722 1638 suis
751 1555 1031 1639 concessionem
1062 1555 1257 1664 quondam
1285 1579 1352 1664 per
1383 1555 1586 1638 Heuricnm
1621 1553 1744 1637 filium
1775 1579 1909 1660 suum,

503 1686 652 1797 imperii
670 1685 710 1769 in
733 1687 841 1770 ltalia
862 1687 1052 1797 legatum,
1073 1685 1128 1770 eis
1154 1687 1294 1771 factam
1311 1699 1435 1771 ratam
1451 1687 1568 1771 habet
1588 1697 1625 1770 et
1642 1687 1853 1770 confirmat.

583 1899 933 1982 (maenomenon,
947 1902 1056 1984 emta
1067 1901 1188 1983 rem,
1203 1904 1325 1982 partui,
1341 1921 1371 1982 p.
1389 1910 1532 1977 tit-m,
1545 1917 1586 1964 ex
1599 1901 1779 1981 bugnaria
1791 1900 1911 1962 arcium

620 2007 811 2089 marene.)

549 2192 735 2270 federicus
750 2195 813 2268 Dei
829 2195 941 2289 gretia
953 2193 1187 2270 Romanorum
1206 2194 1396 2291 imperator
1414 2215 1552 2291 semper
1568 2201 1754 2287 augustus,
1770 2195 1910 2267 Jerusa-

503 2322 572 2395 lem
589 2331 624 2393 et
636 2319 751 2396 Sicilie
766 2343 842 2392 rex.
861 2322 926 2393 Per
942 2343 1085 2416 presens
1101 2319 1268 2415 scriptum
1282 2329 1404 2392 notum
1417 2319 1560 2392 iacimus
1570 2318 1818 2392 universistam
1830 2339 1910 2414 pre·

502 2439 657 2518 sentibus
673 2467 778 2538 quam
794 2444 918 2516 futuris
933 2445 1029 2538 quod
1048 2466 1233 2517 commune
1257 2443 1453 2518 Macberatc
1478 2441 1600 2516 fideles
1621 2441 1732 2515 nostri
1751 2465 1816 2538 per
1839 2464 1912 2514 am·

501 2569 700 2643 basiatores
713 2590 794 2642 suos
810 2570 1017 2643 adnostram
1031 2569 1238 2664 presentiam
1255 2567 1445 2641 destinatos
1458 2565 1630 2659 majestati
1639 2574 1756 2640 nostre
1772 2565 1911 2656 humiti-

503 2693 803 2790 tersuppiicarunt
816 2675 1000 2786 quodcum
1014 2692 1257 2765 Henricnsrex
1271 2690 1429 2764 Sardinie
1445 2690 1534 2763 sacri
1549 2689 1685 2786 imperii
1701 2691 1848 2762 initalia
1863 2691 1911 2762 ie·

502 2829 615 2912 gatus,
633 2817 781 2891 dilectus
796 2814 887 2889 iilius
895 2827 1027 2908 noster,
1041 2815 1225 2889 attendens
1235 2813 1368 2888 dudum
1381 2814 1487 2888 fidem
1505 2837 1628 2910 puram
1646 2823 1680 2886 et
1688 2813 1909 2887 devotionem

502 2941 673 3014 sinceram
687 2962 793 3035 quam
809 2962 994 3013 commune
1008 2939 1202 3036 predictum
1221 2962 1302 3033 erga
1316 2939 1455 3011 servitia
1463 2949 1581 3012 nostra
1595 2937 1697 3031 gerit,
1706 2937 1910 3011 auctoritate

496 3039 661 3137 'culminis
670 3063 779 3136 nostri
790 3065 999 3136 concesserit
1011 3063 1073 3153 eis,
1085 3073 1152 3135 etc.
1165 3061 1537 3159 (numeranturioictem
1546 3085 1678 3157 ecquae
1689 3061 1911 3156 teoproedie

502 3202 556 3262 tus
564 3187 603 3261 io
612 3199 748 3259 centense
755 3211 818 3282 per
823 3187 1044 3282 privileqium
1054 3187 1210 3268 indulsit,
1228 3186 1394 3285 (Ueseuo
1402 3187 1462 3285 od)
1473 3195 1577 3284 prout
1583 3185 1741 3282 predicta
1749 3187 1910 3259 omniain

502 3310 630 3408 scripto
642 3307 874 3386 concessionis
890 3310 941 3382 eis
954 3311 1044 3383 facte
1060 3331 1122 3407 per
1133 3331 1251 3403 regem
1267 3309 1462 3407 predictum
1473 3319 1633 3383 asserunt
1645 3310 1833 3402 contineri,
1844 3331 1910 3384 nos

502 3435 762 3509 concessionem
775 3433 885 3531 ipsam
900 3444 1009 3506 ratam
1023 3433 1154 3506 babere
1165 3445 1202 3507 et
1215 3433 1419 3509 confirmare
1433 3435 1563 3508 eisdem
1580 3429 1652 3533 [de]
1666 3445 1785 3508 nostra
1800 3435 1911 3528 gratia

502 3559 738 3653 dignaremur.
760 3559 830 3631 Nos
848 3570 966 3632 autem
986 3558 1206 3632 attendentes
1224 3557 1331 3633 fidem
1353 3581 1476 3658 puram
1499 3570 1536 3632 et
1552 3557 1773 3633 devotionem
1797 3559 1909 3632 since-

502 3704 577 3756 ram
592 3705 697 3778 quum
713 3685 908 3779 predictum
926 3704 1110 3756 commune
1126 3683 1323 3756 Macherate
1342 3705 1425 3776 erga
1441 3704 1506 3756 nos
1522 3693 1558 3756 et
1571 3705 1707 3756 sacrum
1726 3685 1910 3780 imperium

502 3817 646 3882 actenus
663 3807 770 3902 gessit
794 3818 829 3881 et
850 3809 961 3901 gerit,
983 3807 1205 3880 incommoda
1223 3807 1328 3880 etiam
1353 3819 1389 3880 et
1412 3807 1540 3881 damna
1565 3809 1821 3904 quamplurima
1840 3829 1909 3902 que

501 3933 674 4028 presentis
696 3933 899 4004 turbationis
924 3942 1080 4028 tempore
1100 3932 1327 4004 arebellibus
1341 3933 1469 4004 nostris
1485 3933 1629 4030 propter
1650 3931 1826 4006 fidelitatis
1846 3954 1909 4006 sue

502 4078 607 4150 quam
630 4056 676 4129 ad
695 4077 760 4128 nos
781 4055 913 4128 habent
939 4055 1169 4128 constantiam
1189 4058 1427 4150 pertulerunt,
1451 4055 1760 4152 supplicationibus
1788 4077 1909 4129 eorum

502 4181 693 4274 benignum
700 4189 893 4274 prestantes
900 4200 1091 4269 assensum,
1102 4179 1360 4252 concessionem
1370 4180 1581 4275 predictam,
1597 4189 1701 4276 prout
1714 4179 1910 4253 continetur

471 4397 472 4402 Ἰ
502 4304 719 4400 inscriptae
740 4324 821 4395 rege
838 4303 971 4397 pretato
990 4302 1040 4374 eis
1057 4303 1165 4393 tacto,
1186 4303 1287 4374 eisin
1306 4301 1375 4376 fide
1390 4325 1433 4376 ac
1449 4303 1634 4377 devotione
1649 4315 1768 4376 nestra
1781 4303 1908 4399 persis·

507 4481 572 4496 Ρ-

539 4583 578 4655 (t)
595 4576 780 4639 Verisimiliter
796 4577 862 4637 iliud
884 4575 1052 4656 prirsseginm
1068 4579 1142 4654 quod
1161 4595 1245 4655 supra
1264 4579 1386 4640 dedimus
1403 4581 1439 4641 nd
1454 4597 1521 4641 uun.
1543 4585 1623 4656 1239,
1637 4597 1731 4642 meuse
1745 4575 1905 4656 novembri,

502 4677 625 4752 t1v‚p.
641 4675 1082 4752 5t0,iicetCompagnoniseuon
1098 4675 1338 4751 speciaiiteradid
1352 4679 1461 4739 referat.
1660 4675 1669 4688 '
1821 4713 1824 4719 ·

2134 439 2138 539 i
