4352 5940
506 558 568 622 see
778 541 794 574 ⁴·
1005 557 1217 626 rurennrcr
1242 559 1416 622 sncvvnr
1721 559 1805 638 [nn.
1823 560 1911 624 rata
1941 507 1946 520 ⁴

505 693 602 790 quod
623 702 748 788 potens
770 702 823 762 est
843 691 935 763 Deus
957 690 1133 787 deponere
1154 693 1325 788 superbos
1345 704 1381 766 et
1401 690 1550 765 humiles
1565 691 1740 784 exaltare,
1757 695 1915 788 protinus

507 817 680 890 exivimus
692 824 813 888 contra
828 815 922 910 ipsos
937 817 1088 912 populus
1103 826 1140 889 et
1153 817 1281 890 milites
1295 817 1463 922 universi,
1474 837 1696 911 nequaqnam
1709 826 1829 889 nostra
1840 838 1915 890 ves·

507 940 590 1034 ligia
607 937 823 1018 retardantes
842 938 959 1033 quoad
981 960 1092 1032 usque
1111 940 1316 1014 dimicantes
1337 941 1518 1035 junximus
1533 960 1599 1013 nos
1617 961 1697 1012 cnm
1714 940 1778 1030 eis,
1794 961 1914 1036 prece·

506 1065 610 1137 dente
628 1063 760 1136 vexillo
775 1083 854 1134 cum
871 1063 981 1135 forma
994 1063 1144 1156 Virginis
1158 1065 1308 1161 pretiose
1322 1066 1422 1156 cujus
1438 1064 1645 1158 cogebamur
1659 1064 1782 1136 semita
1797 1073 1835 1136 et
1848 1064 1911 1136 du·

479 1223 480 1228 ,
505 1198 598 1260 catu.
615 1187 660 1258 Et
676 1185 835 1280 quamvis
850 1184 983 1257 duriter
997 1207 1019 1259 a
1034 1187 1204 1283 principio
1219 1189 1436 1279 restitissent,
1449 1208 1515 1259 nos
1531 1197 1647 1259 tamen
1662 1187 1913 1261 invalescentes

504 1311 626 1385 durius
640 1311 677 1381 in
693 1308 835 1382 eosdem
849 1309 1093 1402 confregimus,
1110 1311 1335 1384 contrivimus
1349 1320 1386 1383 et
1400 1309 1651 1406 prostravimus
1665 1311 1759 1406 ipsos
1776 1332 1909 1383 omnes.

503 1436 548 1508 Et
562 1434 779 1508 descendens
798 1433 925 1528 impius
942 1434 1145 1508 Fredericus
1163 1455 1227 1531 per
1244 1435 1458 1528 subterfugia
1476 1441 1643 1526 tunquam
1662 1434 1765 1525 latro,
1785 1434 1914 1508 dimisit

504 1579 586 1630 suos
602 1567 638 1629 et
653 1557 762 1653 spolia
778 1577 840 1628 sua
856 1578 998 1651 prorsus
1013 1578 1060 1628 ex
1076 1559 1203 1652 quibus
1221 1559 1287 1630 tria
1306 1558 1414 1630 millia
1432 1558 1590 1654 cepimus
1609 1567 1645 1630 et
1666 1559 1796 1654 plures.
1813 1557 1911 1654 Cepi·

503 1701 581 1751 mus
593 1700 732 1774 quoque
746 1678 961 1751 carrocbium
972 1679 1268 1754 Cremonensium.
1284 1681 1444 1777 Cepimus
1457 1681 1563 1754 etiam
1576 1681 1691 1752 menia
1702 1701 1772 1774 que
1785 1682 1914 1754 lecerat

503 1815 540 1875 et
554 1803 670 1875 omnia
686 1812 799 1874 castra
812 1824 876 1874 sua
889 1803 1044 1898 cepimus
1061 1812 1097 1877 et
1109 1803 1279 1877 habemus
1294 1805 1412 1878 omnia
1425 1826 1488 1878 sua
1502 1826 1572 1899 que
1585 1803 1753 1878 habebat.
1773 1806 1912 1878 luteric-

502 1929 613 2001 oimus
625 1949 766 2021 quoque
775 1926 952 2000 Thadeum
961 1929 1117 2021 judicem
1130 1951 1246 2020 suum,
1256 1929 1486 2002 cubicularios
1501 1939 1537 2002 et
1550 1929 1759 2002 camerarios
1776 1950 1910 2021 omnes,

501 2062 638 2124 nestros
656 2049 760 2122 etiam
778 2049 1005 2143 banneratos;
1022 2052 1066 2125 de
1088 2053 1160 2124 suis
1177 2053 1345 2126 militibus
1367 2067 1403 2126 et
1418 2054 1549 2149 populo
1564 2053 1801 2126 interfecimus
1821 2053 1911 2126 ultra

501 2175 596 2248 mille
612 2174 839 2267 quingentos,
853 2184 970 2270 preter
985 2179 1171 2251 subversos
1191 2199 1362 2270 equorum
1382 2177 1531 2273 pedibus
1549 2188 1585 2248 et
1603 2178 1721 2270 mina,
1740 2199 1830 2271 quos
1846 2199 1907 2274 pre

502 2296 723 2370 multitudine
751 2293 946 2371 describere
971 2321 1043 2372 non
1067 2301 1257 2395 potuimus.
1283 2301 1380 2373 Alios
1403 2311 1521 2374 numm
1548 2300 1593 2374 de
1619 2301 1691 2373 suis
1717 2301 1912 2394 legavimus

501 2442 764 2516 usquequaque.
781 2423 935 2494 Tandem
955 2423 993 2494 iu
1010 2424 1187 2496 civitatem
1204 2425 1351 2516 regressi
1369 2446 1449 2497 cum
1466 2424 1530 2497 Dei
1548 2424 1709 2496 laudibus
1727 2423 1912 2497 ethonore

500 2545 619 2617 nostre
632 2543 866 2639 disposuimus
881 2545 1020 2638 negotia
1034 2545 1197 2637 civitatis,
1213 2544 1428 2620 confidentes
1446 2547 1482 2618 in
1500 2545 1561 2620 ille
1578 2548 1639 2641 qni
1655 2558 1708 2619 est
1721 2568 1806 2620 vera
1820 2548 1912 2620 salus

502 2667 657 2741 omnium
675 2677 781 2760 atque
801 2667 925 2758 virtue,
951 2669 1048 2763 quod
1065 2668 1222 2742 contritis
1248 2669 1398 2743 brachiis
1426 2671 1613 2765 impiorum
1636 2670 1765 2744 amodo
1787 2691 1852 2743 nos
1877 2681 1913 2743 et

500 2789 609 2864 nostri
625 2811 711 2887 pace
724 2799 893 2886 perpetua
910 2791 1095 2886 potiemur.
1107 2793 1150 2863 Et
1161 2790 1336 2865 hecvobis
1352 2793 1397 2865 ad
1411 2793 1578 2887 gaudium
1591 2793 1804 2886 intimamus,
1813 2814 1911 2886 meg·

501 2911 714 2987 nilicentiam
725 2924 878 2986 vestram
892 2914 1119 3010 deposcentes
1131 2924 1304 3008 quatems
1317 2937 1439 2989 omnes
1451 2917 1694 2989 universaliter
1703 2917 1740 2989 in
1754 2927 1912 2989 nostrum

501 3037 671 3111 auxilium
688 3047 724 3110 et
736 3060 1057 3129 succursum‚mora
1073 3038 1209 3112 sublata
1225 3041 1483 3132 qualibet‚cum
1498 3040 1802 3114 carrocbiovestre
1818 3059 1913 3112 aoce-

501 3162 606 3252 datis,
619 3163 701 3256 quia
717 3184 796 3235 cum
811 3164 905 3236 Deus
919 3163 1094 3258 aperuerit
1107 3163 1208 3235 nobis
1218 3163 1327 3254 viam,
1341 3164 1530 3260 procedere
1545 3165 1707 3238 volumus
1723 3184 1787 3258 per
1801 3163 1912 3258 ipsam

501 3285 752 3357 festinanter-ut
765 3307 1010 3381 recuperemus
1024 3285 1189 3358 continuo
1202 3289 1352 3380 burgum
1365 3288 1482 3360 Sancti
1497 3287 1661 3360 Domnini
1673 3298 1708 3359 et
1721 3287 1911 3359 Bersellum

501 3418 538 3480 et
556 3409 642 3480 alias
662 3419 772 3481 terras
794 3420 947 3501 nostras,
975 3409 1222 3505 capientesque
1246 3411 1425 3504 navigium
1445 3411 1677 3503 Cremonense
1699 3419 1735 3484 et
1754 3410 1912 3483 inimicos

499 3541 637 3605 nostros
654 3543 689 3604 et
703 3543 850 3622 vestros,
860 3531 1038 3604 deleamus
1053 3553 1114 3605 eos
1129 3531 1173 3604 de
1191 3533 1278 3606 libro
1292 3533 1496 3608 viventium.
1509 3535 1631 3607 Tollite
1645 3555 1761 3607 moras
1774 3554 1908 3623 omnes,

499 3656 566 3728 viri
587 3656 846 3750 prudentissimi
872 3665 908 3728 et
929 3665 1144 3747 constantes,
1173 3656 1256 3750 quia
1278 3665 1357 3752 post
1379 3660 1492 3730 Deum
1515 3667 1551 3729 et
1574 3657 1713 3729 beatam
1734 3657 1909 3751 Virginem

501 3777 666 3874 triumphi
678 3779 787 3850 nostri
799 3800 864 3853 vos
879 3789 1038 3851 auctores
1052 3790 1087 3851 et
1099 3779 1285 3877 participes
1299 3791 1513 3878 reputamus.
1526 3781 1571 3854 Et
1583 3781 1698 3854 sciatis
1709 3782 1806 3877 quod
1819 3802 1912 3854 oem-

500 3904 603 3976 busta
625 3912 717 3974 terra
738 3903 821 3975 dicti
842 3897 886 3975 et'
899 3903 1074 3976 maledicti
1092 3903 1282 3994 Frederici,
1295 3902 1465 3977 habemus
1481 3927 1603 3979 omnes
1618 3927 1708 3999 quos
1723 3904 1768 3976 de
1783 3903 1910 3978 nostris

499 4037 535 4098 et
547 4025 756 4099 Placentinis
772 4027 808 4097 in
825 4027 973 4099 vinculis
988 4026 1195 4099 detinuerat.
1212 4027 1351 4118 Valete,
1370 4028 1535 4102 nunciate
1558 4029 1625 4102 bec
1645 4028 1765 4102 amicis
1782 4023 1909 4100 nostris

492 4156 536 4218 et
549 4149 675 4222 vestris
690 4157 730 4222 ut
744 4159 887 4246 pateant
899 4151 1061 4224 omnibus
1079 4150 1203 4224 Christi
1219 4150 1352 4224 amicis.
1368 4150 1504 4227 Valete.
