4318 5904
553 590 619 656 900
1107 590 1422 658 tbbtttusu'ttt.

554 715 771 808 designatur,
788 716 1072 792 inundationibus
1088 740 1275 812 concussa,
1288 720 1424 792 elevata
1437 725 1491 790 est
1504 715 1541 788 iu
1554 714 1715 790 sublime.
1734 717 1851 808 Quare
1865 717 1969 794 oona

557 839 673 914 dimus
697 840 793 934 quod
817 840 875 915 ille
893 841 954 935 qui
975 853 1056 938 post
1077 843 1237 915 nubilum
1253 843 1314 916 dat
1327 864 1507 933 serenum,
1527 840 1856 938 inclitamsponsam
1873 864 1969 918 auam

556 964 825 1038 succedentibus
847 965 1084 1040 turbationum
1109 967 1272 1040 fluctibus
1294 967 1459 1059 agitatam
1480 964 1583 1038 oculo
1607 961 1660 1062 (c)
1684 965 1899 1040 clementiori
1925 988 1970 1044 ex

556 1089 629 1162 alto
643 1088 826 1184 respiciet,
845 1111 916 1163 nou
932 1090 1048 1163 serens
1061 1113 1140 1164 eam
1156 1092 1193 1163 in
1207 1091 1261 1164 sui
1273 1090 1423 1164 nominis
1437 1089 1600 1182 injuriam
1614 1089 1744 1162 diubus
1759 1091 1967 1166 conculcari.

556 1213 695 1290 Utinam
703 1215 920 1288 autemlleus
928 1217 1162 1312 omnipotens,
1179 1216 1216 1287 iu
1231 1216 1331 1307 cujus
1348 1237 1454 1288 mauu
1470 1213 1720 1286 santumnium
1733 1213 1967 1308 cordaregum

556 1347 595 1410 et
614 1359 686 1431 qno
712 1339 863 1412 voluerit
880 1340 1001 1430 vertit,
1036 1341 1141 1412 etiam
1164 1340 1211 1413 ad
1230 1339 1428 1412 laciendum
1451 1337 1548 1434 quod
1571 1337 1721 1432 petimus
1740 1347 1967 1414 corvestrum

556 1462 720 1552 inclinet,
744 1463 779 1534 iu
794 1485 882 1556 quo,
899 1463 928 1535 si
941 1461 1020 1556 liat,
1035 1485 1106 1538 uon
1122 1464 1239 1538 minus
1251 1463 1376 1538 bonori
1392 1471 1428 1534 et
1445 1461 1585 1534 utilitati
1598 1461 1734 1556 imperii
1747 1461 1969 1557 provideatur

555 1606 663 1678 quam
678 1585 780 1660 saluti
794 1607 916 1662 eorum
928 1588 989 1682 qui
1005 1597 1168 1662 tenentur
1185 1587 1327 1683 captivi.
1343 1587 1432 1675 Quia
1448 1608 1534 1662 uero
1549 1586 1667 1660 omnia
1683 1608 1753 1680 que
1767 1586 1814 1660 ad
1827 1609 1968 1683 presens

556 1719 716 1805 spectant
734 1711 926 1804 negotium,
943 1733 1014 1784 uon
1026 1721 1116 1786 esset
1133 1722 1247 1784 tutum
1260 1713 1316 1786 vel
1330 1711 1432 1786 facile
1443 1710 1567 1784 litteris
1581 1711 1845 1803 commendare,
1856 1711 1893 1783 in
1906 1732 1966 1786 ere

555 1834 623 1908 viu'
640 1835 849 1910 venerabilia
861 1845 897 1908 et
912 1835 1050 1910 disereti
1065 1859 1106 1910 ac
1122 1836 1273 1929 religiosi
1295 1836 1351 1926 C.,
1375 1835 1498 1932 prioris
1512 1834 1748 1908 Karitadeusis
1762 1831 1833 1933 (l),
1850 1835 1966 1910 latoris

556 1959 783 2054 presentium,
803 1958 847 2032 de
861 1959 962 2050 cujus
977 1958 1186 2032 discretione
1198 1955 1421 2048 confidimns,
1437 1957 1617 2052 posuimus
1625 1956 1734 2030 verba
1742 1967 1879 2050 nostra,
1896 1959 1963 2050 cui,

556 2083 586 2158 si
600 2083 732 2179 placet,
750 2093 925 2176 tamquam
939 2083 1040 2158 nobis
1054 2083 1241 2177 benignam
1257 2081 1470 2156 audientiam
1488 2081 1674 2177 prebeatis.

428 2730 489 2763 u„
611 2652 843 2762 Friderieus,
859 2653 1121 2736 Romanorum
1138 2652 1360 2764 imperator,
1388 2651 1551 2736 Benzlao
1577 2649 1786 2763 (Boleslao)
1811 2647 1962 2733 Silesiae
2018 2728 2021 2734 ,

557 2787 646 2872 duci
682 2785 855 2872 rescribit
887 2787 991 2898 quod
1019 2796 1214 2898 gualamer
1240 2785 1385 2869 litteras
1406 2784 1489 2898 ejus
1514 2783 1719 2894 acceperit,
1748 2791 1786 2865 et
1810 2781 1843 2864 si
1867 2803 1963 2894 quae

556 2922 598 3006 in
616 2921 776 3034 imperio
797 2931 835 3004 et
852 2920 979 3032 regnis
997 2920 1077 3004 suis
1102 2921 1226 3004 eidem
1249 2930 1359 3032 grata
1377 2919 1582 3028 resideant,
1600 2917 1636 3002 ei
1660 2916 1821 3004 libenter
1839 2913 1958 3002 offert.

639 3137 763 3215 (lucdlt.
779 3153 818 3198 cx
839 3135 906 3198 cod.
920 3139 1005 3198 uulr.
1027 3136 1183 3212 breslau„
1200 3134 1285 3196 class.
1304 3133 1357 3210 lv,
1373 3143 1407 3196 n·
1424 3144 1498 3213 toa,
1520 3136 1553 3195 lu
1566 3135 1651 3212 culus
1665 3133 1761 3195 lndlee
1773 3131 1890 3194 rubrlea
1912 3149 1961 3195 seu

676 3243 782 3303 tltulus
802 3241 942 3320 eplstolae
964 3243 1007 3302 lta
1028 3247 1170 3302 exuatur
1183 3259 1191 3300 :
1216 3259 1233 3298 r
1245 3237 1412 3302 mmm
1423 3237 1566 3302 acerbo
1578 3237 1645 3302 dna
1657 3235 1759 3302 selae
1773 3237 1818 3319 (a)
1836 3237 1962 3302 mmet

676 3344 1432 3430 mamtmaprmoarmmm

604 3537 805 3614 Deuotionis
818 3557 904 3633 pure
921 3535 1147 3633 prenunciam
1166 3544 1201 3606 et
1216 3544 1446 3631 precoucepte
1460 3533 1619 3630 puritatis
1627 3531 1852 3632 interpretem
1865 3531 1963 3604 beni·

554 3683 625 3760 gne
640 3662 809 3738 serenitas
823 3672 943 3736 nostra
959 3659 1090 3755 recepit
1103 3659 1285 3755 epistolam
1300 3679 1347 3731 ex
1366 3669 1464 3756 parte
1491 3667 1552 3730 tua
1573 3665 1693 3732 nostro
1717 3655 1862 3728 culmini
1884 3675 1960 3751 pre·

555 3797 745 3878 mutuum,
770 3808 839 3882 que
869 3807 948 3858 cnm
974 3783 1141 3858 mittentis
1166 3782 1350 3856 essentiam
1365 3781 1592 3878 beneplacitis
1609 3781 1737 3854 uostris
1752 3790 1958 3876 exponeret,

555 3912 734 4014 piendam
754 3911 854 3986 ducis
873 3909 1012 3984 Heurici
1031 3908 1090 3982 avi
1107 3907 1156 3981 tui
1172 3907 1366 3982 serenitatis
1380 3906 1564 3996 indicium,
1580 3905 1680 4000 cajus
1696 3914 1731 3977 te
1743 3903 1884 3977 semitas
1898 3924 1960 4000 op-

598 4075 641 4157 (a)
662 4079 700 4140 ln
712 4075 813 4140 ccdlce
824 4070 894 4150 olen,
909 4073 997 4136 male.

591 4341 628 4413 tt)
644 4337 829 4400 Veffimiliter
843 4335 1169 4408 actual-surdum,
1181 4333 1414 4396 bermetum
1425 4332 1572 4407 priorem

591 4437 629 4516 (ι)
648 4438 724 4498 amc
736 4436 879 4514 episblam
893 4436 1005 4496 missam
1023 4432 1104 4495 lutrae
1119 4432 1255 4492 credimus
1267 4431 1403 4505 Boleslac,
1416 4429 1575 4505 cognomine
1594 4427 1691 4500 Calvo,
1704 4427 1752 4502 qui
1766 4431 1831 4504 post
1849 4429 1960 4486 merten

554 4535 693 4610 patrissui
707 4534 814 4593 llenrr‘ci
825 4533 902 4592 ducis
912 4533 1024 4592 silesiae
1037 4533 1066 4590 iu
1079 4530 1203 4590 conllictu
1216 4534 1309 4590 eontra
1320 4531 1448 4588 Tmaros
1460 4531 1477 4586 9
1489 4527 1583 4603 aprilis
1595 4529 1661 4588 tall
1680 4525 1778 4597 occid,
1792 4524 1822 4582 in
1834 4523 1960 4584 ducatum

553 4632 590 4690 de
602 4632 718 4706 Lieguitz
729 4637 909 4690 successerat.
922 4631 996 4690 llaec
1007 4629 1117 4692 ruba«
1132 4629 1161 4687 iu
1173 4627 1287 4704 imperio
1299 4635 1327 4686 et
1338 4627 1428 4702 reguis
1440 4626 1541 4686 nocuis
1554 4643 1568 4680 c
1583 4624 1684 4701 optime
1696 4622 1831 4684 Fridetioo
1844 4619 1959 4683 meando

554 4729 698 4790 convenire
713 4729 850 4789 videntur.
