4300 5916
242 603 425 681 norm-15]
685 603 882 666 ulsvottlu
906 604 1200 667 blrtouamctt.
1588 605 1649 668 893

243 735 491 811 monasterium
506 740 542 811 in
557 739 692 811 biunde
714 761 794 811 cum
812 741 973 814 omnibus
992 740 1264 837 possessionibus
1278 740 1353 833 ejus
1369 761 1456 833 quas
1470 739 1574 813 babet
1591 743 1648 813 vel

243 863 399 954 babebit,
424 864 469 935 ab
490 863 585 935 omni
601 863 850 935 advocatomm
866 865 998 938 ratione
1013 875 1118 958 atque
1131 864 1312 936 exactione
1326 873 1396 936 tam
1415 863 1459 936 de
1474 865 1648 936 communi

243 985 374 1058 ordinis
403 987 562 1059 libertate
589 1009 695 1082 quam
722 987 765 1059 do
795 988 947 1082 presenti
976 998 1094 1062 nostra
1119 987 1340 1060 concessione
1366 987 1411 1059 sit
1435 988 1583 1060 liberum
1613 998 1649 1061 et

244 1120 458 1205 exemptum.
482 1105 560 1182 Paci
579 1110 721 1206 insuper
746 1121 782 1183 et
804 1111 1013 1184 immunitati
1027 1111 1133 1206 ipsius
1151 1110 1196 1183 de
1212 1112 1307 1203 regia
1324 1111 1508 1184 clementia
1528 1091 1647 1209 provi·

243 1233 379 1326 dentes,
392 1233 588 1305 inhibemus
604 1234 747 1306 omnino
760 1257 805 1306 ne
823 1237 1005 1330 quisquam
1025 1235 1170 1332 predicti
1188 1234 1387 1306 monasterii
1400 1245 1460 1306 aut
1474 1236 1578 1307 ullius
1594 1238 1648 1308 sui

243 1357 356 1452 predii
368 1357 587 1430 advocatiam
601 1359 637 1428 in
651 1358 756 1430 feudo
769 1381 791 1431 a
802 1380 978 1453 quoquam
993 1358 1121 1430 babeat
1132 1359 1190 1431 vel
1204 1357 1333 1430 habero
1351 1359 1423 1430 ullo
1434 1360 1573 1432 nomino
1586 1369 1650 1433 aut

240 1479 318 1571 jure
335 1481 462 1572 valeat,
481 1502 546 1554 nec
565 1481 761 1555 donationis
776 1482 921 1575 alicujus
934 1483 1045 1578 predii
1058 1482 1191 1554 ratione
1205 1506 1267 1555 seu
1279 1483 1647 1580 commisseautcxpe·

245 1604 304 1676 tite
326 1604 536 1676 detensionis
557 1606 739 1678 occasione
760 1626 886 1678 nomen
909 1617 944 1677 et
962 1607 1020 1700 jus
1037 1606 1198 1678 advocati
1220 1606 1256 1677 in
1274 1606 1368 1678 idem
1388 1608 1572 1679 cenobium
1591 1609 1649 1682 vel

245 1729 320 1822 ejus
337 1729 427 1800 bona
441 1729 505 1800 sibi
519 1729 689 1824 quispiam
707 1729 871 1802 vendicet
886 1739 946 1801 aut
966 1741 1133 1818 assumat,
1152 1729 1215 1802 sed
1229 1731 1473 1823 quodcumque
1490 1731 1649 1825 predium

245 1853 359 1925 eidem
375 1853 584 1925 monasterio
599 1853 828 1925 estbactenns
843 1854 900 1925 vel
912 1854 1038 1926 amodo
1053 1854 1156 1925 luerit
1172 1855 1208 1925 in
1223 1855 1445 1926 elemosinam
1455 1854 1575 1926 datum
1589 1864 1651 1928 aut

241 1975 343 2067 justis
356 1973 467 2047 modis
485 1975 561 2046 aliis
575 1975 795 2068 acquisitum,
807 1996 850 2047 eo
860 1976 935 2070 ipso
951 1975 1044 2068 regio
1063 1975 1199 2048 tuitioni
1214 1975 1400 2068 subjaceat,
1416 1976 1499 2071 quia
1512 1998 1649 2049 monas·

245 2098 321 2170 terii
338 2119 413 2170 esse
431 2099 536 2195 cepit.
555 2099 745 2170 Statuimus
762 2109 894 2190 ergoet
910 2100 1062 2194 presenti
1076 2099 1263 2171 sanctimus
1279 2099 1393 2173 edicto
1407 2102 1558 2173 utnulla
1573 2123 1650 2198 per-

244 2243 328 2295 sona
347 2222 488 2294 humilis
501 2223 556 2294 vel
573 2224 656 2312 alta,
674 2221 905 2295 ecclesiastica
920 2225 974 2294 vel
992 2224 1182 2314 mundana,
1195 2224 1387 2319 predictum
1403 2226 1649 2298 monasterium

243 2358 304 2418 aut
319 2368 486 2443 personas
501 2347 536 2418 in
554 2369 595 2419 co
611 2347 758 2419 Domino
774 2349 980 2419 famulantes
991 2358 1112 2420 contra
1129 2357 1284 2419 tenorem
1295 2348 1465 2443 presentis
1480 2321 1650 2444 privilegii

243 2482 421 2565 presumat
436 2471 655 2564 aliquatenus
672 2471 890 2567 perturbare.
909 2471 1010 2556 Quod
1029 2470 1090 2565 qui
1105 2471 1354 2566 presumpserit
1371 2472 1488 2545 divine
1509 2474 1650 2546 ultionis

242 2594 397 2687 gladium
424 2595 460 2666 in
481 2596 635 2691 presenti
662 2606 697 2667 et
719 2596 834 2666 luturo
857 2596 975 2667 seculo
993 2593 1214 2690 pertimescat
1233 2618 1275 2667 ac
1296 2605 1413 2668 nostre
1436 2597 1650 2670 celsitudinis

243 2719 330 2790 iram
346 2729 381 2791 et
394 2718 667 2812 indignationem
683 2741 720 2791 se
736 2719 873 2790 noverit
887 2718 1040 2811 graviter
1053 2719 1284 2808 incursurum,
1302 2720 1516 2792 correctione
1533 2720 1649 2794 debita

243 2863 314 2912 non
334 2843 488 2913 exclusa.
504 2841 560 2914 Ad
576 2841 679 2936 hujus
696 2842 812 2935 itaque
827 2842 877 2913 rei
896 2842 1107 2921 evidentiam
1121 2853 1156 2914 et
1173 2843 1330 2915 stabilem
1344 2841 1554 2936 firmitatem,
1570 2866 1650 2940 pre-

243 2987 323 3038 sens
338 2965 555 3062 privilegium
574 2967 743 3040 conscribi
766 2966 911 3037 fecimus
933 2976 969 3037 et
986 2966 1098 3060 sigillo
1116 2978 1233 3038 nostre
1252 2967 1465 3039 celsitudinis
1480 2968 1647 3040 roborari.

251 3187 254 3192 Ι
291 3093 419 3161 Datum
434 3088 529 3184 apud
542 3090 675 3162 Biunde
691 3088 759 3187 (l),
771 3110 864 3161 anno
882 3089 1053 3162 dominico
1070 3090 1316 3163 incarnationis
1331 3091 1512 3163 millesimo
1525 3092 1654 3164 ducen-

242 3214 365 3286 tesimo
386 3213 651 3307 quadragesimo
672 3214 803 3309 primo,
826 3235 946 3286 mense
967 3215 1138 3308 octobris,
1157 3215 1413 3310 quintodecimo
1431 3210 1649 3307 indictionis,

241 3337 402 3410 feliciter.
419 3337 544 3410 Amen.

1044 3645 1440 3658 omn—nc*-

249 3924 521 4031 weomadus,
565 3927 605 4007 in
637 3925 898 4011 Romanorum
937 3953 1066 4036 regem
1108 3927 1273 4032 electus,
1316 3928 1499 4036 oppidum
1537 3956 1650 4013 snum
1698 3969 1834 4020 [ananan

243 4055 373 4140 Dirren
401 4085 472 4167 pro
502 4060 632 4142 decem
668 4059 840 4143 millibus
871 4085 1087 4142 morcarum
1119 4060 1263 4169 argenti
1298 4060 1492 4145 Willelmc
1520 4062 1648 4144 comiti
1719 4023 1810 4066 mm

242 4190 444 4274 Juliaccnsi
461 4191 621 4302 obligat,
640 4218 684 4276 es
707 4193 921 4277 conditione
940 4205 983 4276 ut
1001 4219 1090 4276 cum
1110 4219 1133 4276 a
1151 4219 1192 4276 se
1218 4193 1277 4275 vel
1295 4219 1317 4274 a
1337 4194 1416 4276 suis
1445 4221 1646 4279 successo-

242 4323 351 4407 ribus
384 4325 431 4406 de
463 4325 664 4432 praedictis
700 4326 838 4408 marcis
870 4326 984 4409 luerit
1018 4326 1187 4435 plenarie
1225 4326 1487 4437 satisfactum,
1521 4329 1646 4438 ipsum

243 4457 425 4564 oppidum
444 4456 562 4540 libere
579 4460 628 4540 ad
646 4458 849 4566 imperium
868 4468 1091 4542 revertatur.

278 4719 315 4792 (t)
334 4717 419 4778 Hodie
430 4717 544 4790 Boiam,
558 4721 694 4793 quondam
705 4729 854 4781 conventus
867 4723 894 4779 in
906 4721 1004 4781 Snevia
1016 4723 1093 4795 juxta
1105 4724 1292 4798 lievensburg.
