4352 5940
493 538 555 600 608
992 537 1207 600 ubtbeutct
1230 537 1405 600 securint
1709 539 1897 624 [11111218.

495 683 531 745 et
553 674 792 769 sepeliendum
819 693 965 769 corpora
991 673 1184 745 occisorum
1210 673 1299 745 iuter
1319 673 1522 746 christianas
1537 674 1630 746 acies
1643 674 1896 767 discurrebant,

494 799 618 890 glndiis
631 797 815 892 impiorum
831 796 1061 891 perimuntur.
1080 798 1225 892 Insuper
1239 808 1280 869 ut
1294 798 1390 870 furor
1407 798 1544 870 Domini
1566 807 1686 870 contra
1712 800 1900 891 malignum

494 923 643 1017 amplius
661 921 895 1009 incandescat,
906 941 1019 1014 nuper
1030 920 1124 1014 apud
1136 921 1305 992 Narniam·
1316 921 1479 994 Saraceni
1492 923 1609 994 multis
1620 922 1841 994 cernentibus
1853 923 1900 996 ad

494 1047 641 1118 caudam
655 1045 845 1138 subjugalis
861 1054 1043 1116 traxerunt
1053 1044 1238 1137 imaginem
1253 1045 1409 1118 crucifixi
1422 1057 1457 1118 et
1468 1047 1569 1118 beate
1580 1045 1686 1120 Mario
1702 1055 1738 1118 et
1752 1045 1898 1118 aliorum

494 1181 704 1243 sannionum.
722 1169 854 1240 Deinde
880 1167 1021 1241 succisis
1041 1167 1198 1240 crucifixi
1220 1171 1379 1242 cruribus
1403 1179 1438 1242 et
1460 1170 1622 1260 brachiis
1635 1169 1749 1266 ipsum
1773 1169 1839 1241 sibi
1863 1180 1900 1241 et

494 1295 579 1366 alias
594 1293 762 1386 imagines
778 1293 813 1362 in
830 1294 971 1388 clypeos
996 1293 1210 1388 adaptabant
1229 1303 1269 1364 ut
1288 1294 1324 1364 in
1343 1295 1436 1366 bello
1455 1293 1633 1366 christiani
1654 1313 1713 1364 eas
1734 1302 1898 1388 appetere

494 1427 699 1510 cogerentur
711 1417 835 1508 jaculis
853 1425 889 1488 et
901 1416 1046 1508 sagittis.
1064 1418 1109 1488 Ut
1125 1416 1211 1511 quid
1228 1417 1333 1510 igitur
1346 1418 1574 1510 crucesignati
1589 1417 1653 1488 bas
1667 1415 1820 1488 insanias
1835 1437 1897 1488 ue-

493 1543 662 1636 gligeutes
682 1541 867 1612 intendunt
882 1542 1016 1612 sulcare
1032 1541 1163 1613 lacerto
1181 1542 1237 1612 vel
1258 1541 1409 1613 brachiis
1430 1541 1573 1613 flumina
1589 1542 1645 1612 vel
1663 1542 1771 1612 maria
1786 1554 1896 1612 trans·

495 1689 610 1739 meare
628 1665 674 1737 ad
690 1664 943 1760 expugnandos
963 1667 1152 1736 Saracenos
1172 1666 1229 1736 vel
1250 1666 1410 1738 Tartarus
1433 1666 1534 1758 longe
1557 1666 1730 1753 furentes,
1751 1685 1898 1758 quorum

494 1791 680 1864 crudelitas
704 1789 757 1860 bis
782 1786 924 1859 inferior
945 1790 1048 1879 longe
1073 1789 1254 1860 censetur?
1270 1789 1528 1860 Exterminetur
1555 1789 1672 1881 itaque
1699 1789 1796 1884 prius
1823 1789 1898 1860 tulis

493 1915 657 2011 spurcitia
673 1912 875 1984 Saracenice
888 1933 966 1982 cnm
986 1912 1056 1982 suis
1074 1911 1220 1983 ducibus
1234 1921 1269 1982 et
1283 1913 1474 1984 fautoribus
1487 1931 1529 1982 ac
1542 1910 1669 1983 deiude
1682 1910 1729 1983 ad
1740 1910 1808 1982 alia
1820 1929 1899 2005 pro-

493 2039 649 2127 cedatur,
664 2059 743 2110 cum
758 2057 862 2109 causa
879 2037 973 2107 intus
987 2035 1157 2107 habeatur
1171 2055 1240 2129 qne
1260 2036 1344 2108 soris
1361 2036 1530 2129 queritur,
1544 2035 1664 2128 etjam
1684 2034 1729 2106 sit
1744 2055 1896 2130 pagano·

493 2187 571 2235 rum
589 2161 784 2257 persecutio
806 2161 897 2232 inter
915 2159 1047 2232 viscera
1070 2159 1222 2231 Ecclesie
1248 2160 1283 2231 in
1308 2161 1459 2232 claustro
1481 2157 1638 2230 fidelium
1654 2168 1689 2230 et
1709 2157 1746 2230 iu
1766 2157 1897 2230 ambitu

493 2285 750 2358 christianitatis
775 2284 983 2355 introducta.
1003 2282 1178 2377 Expedire
1200 2282 1338 2354 videtur
1360 2292 1400 2354 ut
1422 2283 1571 2378 primum
1595 2283 1834 2378 propellantur
1852 2281 1897 2352 de

492 2410 588 2482 ltalie
609 2407 737 2480 finibus
760 2417 934 2479 tantorum
955 2407 1126 2478 scelerum
1151 2415 1355 2502 patratores,
1371 2428 1417 2478 no
1438 2429 1582 2501 serpens
1604 2407 1640 2477 in
1659 2406 1753 2495 sinu,
1770 2405 1895 2476 mnsin

492 2554 590 2630 pera,
606 2533 696 2625 ignis
712 2532 747 2602 in
765 2531 897 2623 gremio
914 2531 1123 2621 nutriantur,
1136 2541 1171 2601 et
1188 2531 1234 2602 ad
1249 2529 1416 2602 ulteriora
1429 2530 1651 2626 postmodum
1668 2529 1894 2624 procedatur3

491 2658 659 2752 quianon
678 2665 818 2751 propter
832 2655 945 2726 locum
959 2665 1099 2747 gentem
1119 2653 1224 2746 elegit
1236 2654 1417 2744 Dominus,
1428 2653 1490 2726 sed
1505 2654 1621 2748 potius
1637 2675 1658 2724 a
1676 2673 1845 2724 converso
1859 2661 1898 2722 ut

493 2791 587 2878 patet
606 2782 643 2852 in
663 2779 889 2886 beato'Pctro
914 2787 950 2850 et
971 2777 1047 2849 aliis
1069 2777 1233 2872 apostolis
1256 2776 1302 2849 ad
1324 2788 1447 2870 gentes
1470 2778 1708 2872 Hierosolyma
1733 2775 1896 2848 derelicta

493 2913 723 2976 transeuntes.
740 2901 960 2974 Considerate
978 2899 1130 2993 denique
1144 2900 1226 2993 quia
1243 2899 1287 2972 10
1303 2902 1379 2973 0010
1393 2901 1558 2996 prospicit
1576 2899 1745 2973 Dominus
1760 2908 1796 2970 et
1809 2897 1896 2970 vidit

492 3027 580 3100 lilios
595 3027 793 3116 bominum,
815 3025 844 3097 si
860 3035 913 3097 est
932 3025 1145 3115 intelligens
1164 3024 1192 3096 si
1207 3023 1332 3117 estqui
1347 3024 1463 3096 doleat
1480 3045 1601 3096 necem
1612 3025 1701 3115 ejuS,
1722 3023 1751 3094 si
1765 3031 1818 3094 est
1837 3022 1897 3115 qui

494 3147 646 3241 requirat
665 3167 806 3218 suorum
826 3144 969 3236 injurias
988 3144 1236 3216 ministrorum.
1256 3143 1434 3235 Recogitct
1455 3144 1559 3236 igitur
1572 3143 1719 3236 quilibet
1738 3142 1895 3215 christia·

491 3293 557 3342 nus
571 3271 657 3364 quid
670 3270 707 3340 in
723 3279 881 3341 extremo
897 3267 1058 3339 examine
1067 3268 1214 3339 Domino
1227 3267 1435 3363 respondeat
1451 3269 1590 3339 sitente
1604 3267 1800 3339 dissimulet
1814 3265 1896 3339 laci-

491 3415 590 3466 nora.
617 3391 866 3487 Prosequimini
889 3391 1006 3485 igitur,
1024 3389 1104 3481 1111,
1115 3390 1271 3462 altissimi
1287 3411 1427 3462 causam
1438 3391 1501 3461 Dei
1514 3400 1554 3462 ut
1565 3391 1741 3463 iubenum
1756 3409 1895 3461 oausam

490 3526 642 3590 vestram
661 3516 826 3588 tueamini
846 3537 1009 3610 sponsam
1030 3515 1104 3606 ejus
1121 3514 1274 3609 potentie
1289 3524 1405 3588 vestre
1424 3515 1571 3586 dextera
1591 3525 1631 3584 ut
1650 3514 1697 3586 ad
1714 3513 1894 3586 dexteram

492 3663 588 3714 snam
605 3663 668 3713 vos
686 3642 833 3712 collocet
848 3641 963 3732 justus
981 3639 1093 3730 iudex
1114 3639 1151 3710 in
1172 3637 1318 3729 judicio,
1332 3636 1378 3710 ad
1393 3647 1549 3710 eternam
1569 3637 1716 3730 gloriam
1737 3637 1894 3710 intrudu-

490 3765 631 3838 cendos.

308 4176 440 4273 genem.
542 4145 745 4251 Heuricus,
765 4171 832 4226 rex
849 4143 1063 4249 Sardiniae,
1083 4141 1231 4252 imperii
1257 4139 1428 4223 initalia
1453 4141 1622 4250 legatus,
1652 4142 1702 4224 ad
1728 4137 1895 4250 requisi·

352 4233 434 4278 matt

491 4281 632 4363 tionem
667 4279 964 4361 ambasiatorum
1000 4275 1265 4385 Pupiensium,
1303 4273 1476 4357 Alberico
1513 4275 1691 4356 ecelesiae
1736 4271 1894 4354 Sanctae

489 4413 630 4497 Mariae
657 4413 705 4495 de
730 4412 859 4521 burgo
885 4411 1013 4494 Sancti
1044 4408 1224 4492 Domnini
1235 4406 1297 4518 (1)
1314 4407 1455 4492 vicario
1477 4405 1648 4490 concedit
1671 4417 1714 4490 ut
1740 4404 1892 4488 cuidam

1695 4569 1886 4581 ...fl—ffl-

526 4653 561 4728 (t)
581 4655 652 4711 llaec
663 4652 777 4710 ecclesia
790 4651 823 4708 ad
837 4650 1028 4708 monasterium
1045 4647 1183 4706 Dtmdottr
1195 4647 1296 4706 dictum
1305 4647 1377 4722 apud
1389 4647 1497 4721 Papiam
1509 4645 1672 4720 pertinebat.
