4306 5914
527 603 591 670 648
1029 611 1248 676 rltlbltnlct
1272 611 1448 676 stabunt
1752 613 1835 700 [Asa.
1853 615 1942 679 ltttt.

527 761 570 815 ac
582 741 794 816 denuntians
813 745 1041 843 solempniter
1054 749 1280 824 nihilominus
1296 761 1333 823 et
1348 749 1480 822 faciens
1494 750 1648 824 nuntiari
1663 751 1825 826 errmdem
1846 754 1885 826 F.
1904 773 1946 826 ae

527 887 650 942 omnes
673 868 798 944 dantes
816 871 848 942 ei
871 873 1259 965 consilinm,auxilium
1279 876 1337 947 vel
1358 877 1513 947 savorem
1534 873 1570 944 in
1592 875 1749 970 personis
1767 876 1825 948 vel
1841 877 1946 950 rebus

527 975 705 1086 publicum
731 994 788 1067 vel
816 998 1009 1089 oecultum,
1029 998 1398 1073 excommunicationis
1417 1020 1439 1070 a
1461 997 1563 1070 nobis
1577 998 1719 1071 vinculo
1740 999 1942 1094 innodatos,

525 1135 663 1188 necnon
677 1127 713 1189 et
722 1118 926 1192 universum
936 1143 1084 1214 regnum
1095 1123 1208 1196 Sicilie
1221 1123 1388 1216 quamdiu
1399 1122 1514 1196 eidem
1524 1121 1700 1195 adheserit
1711 1124 1944 1202 eeclesiastico

526 1241 744 1337 suppositum
757 1243 955 1319 interdicto.
965 1247 1120 1320 Preietos
1130 1269 1270 1341 quoque
1283 1269 1420 1322 necnon
1435 1257 1472 1320 et
1484 1247 1628 1320 clericos
1639 1269 1760 1320 omnes
1770 1249 1945 1322 seculares

526 1364 583 1437 vel
598 1367 849 1461 cujuscumque
863 1369 1040 1463 religionis
1055 1372 1207 1466 speciem
1226 1372 1474 1468 pretendentes
1486 1371 1548 1466 qni
1561 1371 1783 1467 prolationes,
1795 1371 1944 1464 dignita·

526 1499 593 1580 tes,
610 1491 809 1585 prebendas
825 1494 883 1565 vel
898 1495 1055 1587 quelibet
1069 1497 1138 1570 alia
1158 1496 1391 1572 ecelesiastica
1406 1495 1576 1569 beneficia
1598 1517 1662 1592 per
1675 1497 1831 1568 levorem
1846 1496 1940 1588 ejus·

525 1611 607 1685 dem
621 1614 658 1686 F.
678 1637 740 1687 seu
754 1617 989 1691 ministrorum
1006 1620 1115 1715 ipsius
1129 1619 1285 1716 recipere
1301 1619 1942 1716 presumpserunt,quiqueillioratio-

524 1757 588 1809 nes
608 1749 645 1811 et
663 1739 785 1812 laudes
806 1742 945 1836 aliaque
966 1744 1033 1817 sibi
1055 1754 1135 1840 post
1159 1743 1392 1837 dejectionem
1411 1745 1520 1842 ipsius
1539 1745 1658 1818 divina
1679 1744 1943 1840 prophanamnt

523 1861 655 1956 officia,
671 1885 717 1936 ne
733 1865 926 1939 dixerimus
941 1867 1176 1960 celebrarunt,
1193 1889 1330 1942 necnon
1350 1879 1388 1944 et
1403 1870 1482 1944 illos
1496 1869 1558 1963 qui
1572 1878 1712 1965 sumpta
1728 1867 1942 1962 malignandi

520 1986 670 2062 audacia
680 1989 716 2060 in
728 2012 917 2064 conservos
925 1992 1105 2086 religiosos
1111 1994 1207 2066 viros
1218 1993 1322 2080 facto,
1333 1994 1664 2089 precepto,oonsilio
1671 1994 1728 2066 vel
1738 1992 1941 2068 defensione

521 2111 743 2205 perturbatos
763 2117 949 2188 exulares
971 2116 1119 2213 propriis
1141 2117 1379 2194 mansionibus
1399 2117 1656 2214 compulerunt,
1674 2138 1735 2190 eos
1757 2117 1863 2189 etiarn
1878 2116 1941 2211 qui

521 2245 642 2308 contm
657 2237 847 2314 Ecclesiam
867 2241 927 2313 vel
945 2239 1097 2314 Ecclesia
1109 2241 1319 2314 adherentes
1334 2241 1475 2338 proprie
1490 2241 1713 2348 professionis
1727 2241 1827 2316 obliti
1842 2260 1941 2314 arma

521 2373 756 2456 sumpserunt,
766 2363 952 2437 denunties
960 2375 995 2437 et
1003 2366 1110 2438 iacies
1123 2367 1277 2439 nuntiari
1290 2387 1362 2438 non
1375 2367 1489 2438 solnm
1501 2355 1853 2440 excommunicationi
1864 2366 1942 2439 sub

516 2482 642 2578 jactos,
657 2485 781 2559 verum
798 2487 904 2561 etiam
919 2489 1074 2585 privatos
1089 2491 1211 2564 officiis
1224 2513 1266 2564 ac
1280 2491 1508 2584 dignitatibus
1523 2502 1559 2563 et
1575 2489 1753 2563 beneficiis
1769 2499 1939 2586 perpetuo

520 2609 727 2703 destitutos,
751 2613 930 2708 inquirens
943 2614 1169 2688 nihilominus
1181 2616 1239 2688 vel
1255 2636 1321 2711 per
1337 2617 1463 2688 lamam
1477 2616 1523 2688 de
1537 2617 1679 2712 prelatis
1692 2615 1753 2710 qui
1765 2615 1880 2688 eidem
1897 2615 1937 2687 F.

521 2735 764 2809 damnabiliter
776 2737 986 2811 adherentes
1001 2739 1033 2811 ei
1047 2749 1205 2835 prestant
1217 2740 1400 2816 consilium
1415 2741 1473 2814 vel
1488 2742 1656 2832 favorem,
1666 2737 1940 2835 utcontraipsos

519 2859 566 2932 nd
586 2869 755 2956 perpetue
776 2861 1002 2957 depositionis
1025 2861 1234 2938 sententiam
1253 2864 1476 2960 procedatur.
1491 2866 1584 2940 Saue
1602 2865 1761 2938 volentes
1778 2863 1938 2956 ejusdem

520 2985 619 3077 regni
630 2987 979 3081 populosprenuncio
992 2987 1265 3062 denuntiationis
1278 2990 1468 3085 apostolice
1481 2989 1693 3085 premoneri,
1702 2999 1743 3060 nt
1752 3009 1833 3060 curn
1845 2989 1940 3060 salus

521 3107 571 3181 eis
593 3108 789 3181 desiderate
807 3109 1020 3184 liberationis
1034 3113 1217 3186 advenerit
1227 3134 1297 3207 que
1314 3113 1397 3209 ipsis
1411 3135 1474 3209 per
1487 3113 1685 3209 Apostolice
1700 3112 1800 3185 Sedis
1816 3112 1942 3188 sollici·

521 3232 677 3306 tudinem
688 3233 1159 3336 destinatur,inexcusabiles
1172 3237 1201 3310 si
1215 3259 1294 3310 eam
1307 3247 1470 3332 proterve
1484 3237 1680 3334 respuerint
1692 3246 1753 3308 aut
1764 3257 1939 3308 commen·

520 3355 655 3428 debiles
671 3356 700 3428 si
718 3377 796 3428 cem
810 3359 1003 3453 prudenter
1016 3361 1234 3456 susceperint
1245 3360 1453 3453 habeantur,
1470 3361 1609 3458 publice
1623 3381 1798 3456 proponas
1810 3368 1847 3432 et
1859 3381 1939 3455 pro·

520 3481 604 3576 poni
617 3481 722 3554 iacias
735 3481 871 3574 quoties
883 3485 1032 3556 verbum
1046 3485 1160 3557 crucis
1172 3485 1379 3560 seminatum
1393 3485 1498 3557 luerit
1511 3485 1547 3556 in
1559 3485 1703 3557 auribus
1711 3486 1935 3581 populorum,

521 3604 617 3698 quod
626 3605 654 3676 si
663 3627 732 3700 que
746 3605 905 3678 civitates
919 3607 978 3678 vel
994 3609 1136 3703 oppida,
1155 3609 1299 3682 comites
1316 3611 1373 3683 vel
1386 3609 1551 3701 barones,
1570 3609 1706 3682 nobiles
1719 3619 1780 3681 aut
1794 3608 1935 3701 milites,

521 3729 616 3802 cives
629 3729 702 3802 sive
716 3730 909 3826 municipes
926 3731 984 3802 vel
1000 3733 1067 3804 alie
1080 3754 1290 3826 quecunque
1304 3734 1412 3828 ipsius
1428 3735 1527 3827 regni
1542 3753 1690 3828 persone
1704 3734 1837 3827 absque
1850 3733 1939 3806 diffi-

520 3854 649 3926 cultate
666 3855 724 3926 vel
740 3877 838 3926 mora
852 3877 873 3927 a
891 3855 1046 3950 sepefato
1062 3857 1102 3928 F.
1123 3857 1264 3950 suisque
1282 3857 1509 3953 eomplicibus
1525 3859 1663 3953 penitus
1679 3857 1885 3930 recedentes
1899 3879 1939 3929 se

519 3977 680 4052 fidelibus
696 3979 730 4050 in
747 3979 880 4072 gremio
896 3981 1016 4052 matris
1033 3981 1187 4054 Ecclesia
1206 4003 1269 4076 per
1284 3993 1480 4078 promptam
1504 3981 1679 4055 fidelitatis
1700 3981 1937 4054 obedientiam

519 4103 719 4176 curaverint
742 4104 915 4195 adunare,
941 4104 987 4176 de
1010 4105 1155 4178 consilio
1179 4107 1325 4178 fratrum
1348 4115 1547 4180 nostrorum
1567 4106 1613 4178 ad
1633 4106 1728 4180 illam
1751 4107 1937 4200 tranquille

518 4227 687 4300 libertatis
703 4227 924 4299 dulcedinem
937 4250 1002 4301 nos
1016 4251 1076 4302 eos
1089 4230 1305 4303 adducturos
1318 4231 1551 4327 promittimus
1563 4251 1634 4327 qua
1647 4228 1770 4303 fideles
1782 4230 1936 4302 Ecclesie

520 4352 688 4448 speciales
708 4350 745 4421 in
765 4351 842 4422 sinu
867 4352 943 4444 ejus
967 4353 1120 4426 suaviter
1140 4355 1384 4445 confoventur,
1401 4354 1477 4447 jugi
1491 4355 1627 4428 servilis
1641 4363 1678 4426 et
1692 4352 1937 4426 dominationis

494 4500 498 4510 ·
519 4476 700 4572 tyrannice
709 4475 896 4570 inexperti,
915 4477 976 4568 qui
992 4497 1063 4548 non
1079 4480 1254 4551 exactoris
1267 4478 1366 4572 virga
1381 4480 1494 4551 ferree
1512 4479 1575 4551 sed
1591 4478 1660 4551 levi
1676 4487 1820 4573 paterne
1835 4497 1935 4549 man·

518 4598 712 4673 suetudinis
726 4599 963 4690 gubernaculo
979 4599 1187 4695 diriguntur.
1207 4603 1260 4675 llll
1277 4617 1361 4676 vero
1375 4604 1627 4696 cujuscumque
1639 4601 1772 4674 ordinis
1784 4602 1842 4674 vel
1854 4621 1937 4674 con·

519 4722 659 4797 ditionis
676 4721 867 4814 extiterint,
884 4726 973 4816 quos
989 4726 1139 4798 mammo
1155 4717 1340 4822 postquam
1357 4727 1532 4801 exercitus
1543 4726 1696 4800 Ecclesie
1711 4725 1935 4799 introducen-
