4310 5908
232 643 332 708 lrnrcr.
348 645 395 724 'l.]
680 641 877 708 HISTORIA
902 645 1198 710 Dianeuterion.
1578 651 1639 714 'tae

314 855 418 937 (Edld.
432 855 573 936 Hmnns,
589 853 656 920 coa
672 855 734 920 ord
755 857 936 941 Phaetonta,
951 875 981 938 p.
1001 868 1071 934 tea,
1089 869 1124 921 n·
1140 868 1210 940 tae,
1224 875 1262 922 ex
1276 861 1412 940 ortglnnlt
1429 861 1508 941 apud
1527 862 1641 926 chn-

351 979 434 1036 nam,
448 964 481 1023 ln
493 979 553 1042 quo
565 968 666 1024 tamen
686 965 794 1046 legltnr
806 965 1023 1030 mccxnxrx
1037 981 1090 1042 pro
1103 965 1318 1045 Mccxnlx.)

282 1175 353 1247 Nos
367 1175 543 1271 Philippus
561 1176 605 1249 de
620 1175 807 1250 llobinvels
823 1177 1011 1273 imperialis
1026 1179 1106 1250 aule
1120 1179 1343 1251 camerarius.
1362 1179 1526 1252 Constare
1541 1182 1640 1276 cupi·

234 1319 311 1370 mus
325 1298 497 1371 universis
514 1321 656 1395 presens
672 1300 837 1395 scriptum
857 1300 984 1372 vande
1000 1300 1096 1394 qnod
1114 1300 1197 1394 qnia
1217 1301 1345 1373 scimus
1358 1301 1527 1374 veraciter
1547 1324 1643 1376 sere·

234 1422 413 1494 nissimum
438 1421 618 1494 dominum
644 1432 800 1496 nostrum
822 1423 1066 1519 imperatorem
1091 1444 1200 1496 naves
1224 1423 1348 1496 domus
1368 1421 1579 1496 Theutonics
1605 1425 1642 1496 in

234 1545 446 1618 Continentia
462 1547 690 1619 ascendentes
708 1556 743 1620 et
758 1547 1009 1620 descendentes
1027 1567 1090 1641 per
1103 1547 1241 1618 alveum
1256 1546 1343 1618 Rani
1361 1547 1407 1618 ab
1427 1548 1521 1618 omni
1536 1569 1643 1621 exac-

236 1669 328 1742 tione
355 1669 499 1743 thelonii
528 1669 720 1761 exemisse,
752 1681 855 1766 prout
877 1670 913 1740 iu
940 1669 1138 1765 patentibus
1164 1668 1286 1744 litteris
1312 1669 1382 1742 suis
1409 1670 1525 1743 adhuc
1547 1682 1644 1766 patet

235 1803 375 1886 aperte,
396 1794 556 1865 volumus
574 1803 610 1865 et
629 1794 836 1867 mandamus
850 1792 1052 1866 thelonariis
1073 1793 1244 1865 universis
1262 1793 1326 1864 sub
1343 1804 1461 1865 nostra
1477 1815 1643 1889 procura·

236 1914 329 1986 tione
345 1916 572 1989 existentibus
587 1918 633 1989 ab
654 1917 800 2013 imperio
819 1938 956 1989 necnon
973 1917 1099 1988 nostris
1117 1917 1280 2010 quatinus
1294 1916 1404 1988 dictas
1417 1938 1543 2008 naves,
1562 1939 1642 1990 cum

235 2038 282 2110 ad
301 2039 394 2135 ipsos
414 2041 651 2136 pervenerint,
667 2042 798 2136 absque
820 2041 915 2114 omni
938 2040 1120 2112 exactione
1141 2039 1284 2111 thelonii
1304 2039 1506 2135 permittant
1534 2041 1641 2114 libere

236 2163 466 2257 pertransire,
483 2165 575 2261 ipsas
593 2166 640 2238 ad
655 2165 915 2260 requisitionem
930 2164 1136 2236 nunciorum
1151 2183 1292 2236 suorum
1306 2172 1475 2258 quantum
1491 2165 1642 2260 poterint

235 2287 486 2381 promovendo.

284 2411 410 2482 Datum
426 2411 521 2507 apud
536 2409 743 2508 Bepardiam
755 2462 766 2501 ,
780 2430 874 2483 anno
891 2409 1029 2481 Domini
1042 2409 1245 2498 MOCXLIX,
1264 2409 1387 2482 ultimo
1403 2411 1497 2483 maii.

290 2897 524 3006 Fridericus,
562 2899 820 2982 Romanorum
851 2897 1075 3006 imperator,
1108 2897 1267 2979 mandat
1301 2897 1380 2980 filio
1411 2897 1570 3010 suo(1)
1599 2909 1642 2983 ut
1720 2919 1728 2975 ι
1780 2931 1795 2963 ι

237 3029 404 3140 aliquem
418 3029 676 3114 Lombardum
694 3031 810 3140 eligat
823 3043 860 3112 et
875 3030 1000 3138 ipsum
1020 3030 1072 3111 ad
1088 3029 1493 3138 regendamciritatem
1511 3031 1640 3115 Esco-

235 3163 366 3246 lauam
383 3162 518 3246 debeat
534 3162 724 3246 destinare
740 3161 974 3246 festinanter.

318 3405 435 3487 (lnedlt.
451 3423 490 3468 ex
504 3407 569 3468 cod.
584 3406 663 3468 Blbl.
678 3407 822 3487 Leipzig„
838 3418 871 3468 n·
884 3414 972 3481 1268,
987 3405 1041 3468 tol.
1065 3401 1169 3486 talne)
1184 3412 1380 3482 recto-verso,
1395 3412 1427 3468 ct
1439 3405 1641 3469 excodBlbl.

356 3513 465 3592 borel,
482 3524 516 3574 ιι·
532 3523 599 3588 tos,
614 3513 667 3574 iol.
685 3521 722 3574 58
736 3515 846 3591 verso.)

286 3723 531 3817 Supplicarunt
546 3722 752 3794 excellentie
778 3731 895 3794 nostre
914 3719 1076 3793 Esculani
1098 3717 1219 3792 fideles
1241 3719 1350 3791 nostri
1366 3727 1407 3790 ut
1425 3719 1468 3792 ad
1490 3721 1645 3815 regimen

239 3845 385 3918 civitatis
398 3867 518 3918 eorum
533 3867 627 3919 anno
643 3845 795 3941 presenti
809 3845 960 3939 aliquem
979 3843 1128 3939 probum
1153 3852 1188 3914 et
1210 3841 1349 3914 fidelem
1373 3843 1486 3916 virum
1502 3844 1547 3917 de
1563 3867 1645 3940 par·

240 3968 329 4041 tibus
355 3969 560 4042 Lombardie
581 3977 734 4040 statuere
766 3977 884 4041 nostra
905 3967 1072 4038 serenitas
1095 3965 1310 4059 dignaretur,
1333 3967 1393 4060 qui
1418 3988 1498 4038 cum
1520 3969 1646 4042 salario

239 4102 403 4166 consueto
418 4103 453 4165 et
468 4093 623 4184 ejusdem
638 4092 786 4165 civitatis
811 4093 964 4184 regimen
982 4100 1017 4162 et
1032 4099 1151 4162 nostra
1167 4089 1307 4162 servitia
1329 4090 1416 4162 sciat
1428 4090 1594 4163 decenter
1610 4103 1646 4165 et

239 4213 385 4288 fideliter
404 4237 603 4312 procurare.
621 4217 775 4302 Quomm
793 4215 1103 4311 supplicationibus
1120 4214 1293 4305 inclinati,
1313 4223 1372 4286 tue
1387 4213 1544 4287 fidelitati
1563 4237 1645 4312 pro·

240 4338 384 4434 cipimus
399 4339 563 4434 quatinus
576 4339 728 4434 aliquem
744 4340 857 4412 virum
876 4338 1041 4411 idoneum
1057 4349 1093 4412 et
1114 4338 1309 4410 sinceritate
1327 4336 1502 4411 fidelitatis
1518 4361 1645 4434 exper-

273 4645 311 4720 (tl
327 4645 511 4706 verisimiliter
524 4645 640 4705 Henrico
651 4645 710 4705 sire
722 4644 800 4704 Entio
811 4645 839 4702 in
849 4646 926 4704 ltalia
935 4646 1032 4720 legato,
1047 4645 1083 4704 ad
1093 4661 1174 4720 mem
1183 4647 1228 4718 ins
1237 4615 1385 4720 potestates
1393 4645 1502 4705 creandi
1513 4663 1547 4706 ex
1559 4647 1645 4708 officio

242 4743 400 4816 pertinebat.
414 4744 444 4801 ln
457 4743 549 4803 codice
563 4743 725 4802 berolinensi
738 4743 837 4818 legitur
853 4743 996 4803 chonrado
1007 4744 1067 4816 filio
1080 4759 1143 4815 ato,
1156 4742 1245 4801 minos
1259 4749 1343 4802 recte.
