4300 5916
243 613 416 694 ressa]
691 612 887 676 srsronrs
912 610 1209 678 nrneousrrcn.
1508 579 1512 587 '
1593 604 1649 668 eor

249 748 372 821 eadem
390 749 428 819 in
447 767 572 820 manus
595 757 712 820 nostre
734 749 947 821 celsitudinis
962 747 1168 841 resignavit,
1192 744 1324 841 precise
1338 741 1545 815 renuncians
1559 739 1653 812 omni

245 872 316 964 jnri
332 871 427 967 quod
443 871 480 942 in
501 871 632 944 eisdem
650 871 752 943 bouis
771 873 835 944 sibi
850 873 977 945 feodali
990 873 1090 944 titulo
1103 869 1338 964 competebat,
1355 867 1400 938 ob
1415 865 1480 938 Dei
1493 885 1655 936 reveren·

148 989 150 998 '
249 995 333 1068 tiam
351 1006 485 1089 gratam
509 995 692 1089 habentne,
717 1009 885 1091 quantum
910 998 945 1068 in
965 997 1066 1069 nobis
1090 1007 1143 1090 est
1162 993 1381 1091 presentibus
1395 989 1651 1080 confirmamus,

248 1119 304 1194 Ad
326 1121 431 1214 bujus
449 1121 566 1215 itaque
588 1122 640 1194 rei
664 1123 864 1195 memoriam
885 1131 1064 1219 presentes
1090 1123 1222 1193 litteras
1243 1118 1317 1192 lieri
1338 1129 1373 1190 et
1400 1117 1512 1210 sigillo
1537 1125 1655 1187 nostro

244 1244 411 1337 jussimus
424 1245 644 1318 communiri.

297 1371 423 1442 Datum
441 1368 618 1462 Auguste,
641 1391 734 1442 anno
751 1369 861 1463 gratie
883 1369 996 1442 blm.
1004 1369 1106 1459 XLV,
1124 1388 1244 1440 mense
1258 1367 1360 1456 maii,
1381 1366 1423 1438 lll
1442 1364 1651 1439 indictionis.

306 2007 518 2116 Conradus,
539 2005 579 2087 in
600 2005 861 2090 Romanorum
879 2032 1008 2115 regem
1026 2006 1182 2114 electus,
1207 2005 1469 2090 Gottofredum
1486 2016 1525 2088 et
1543 2004 1653 2088 Con-
1796 2038 1833 2122 .'’

249 2140 387 2222 redum
406 2139 454 2221 de
471 2138 691 2223 Hohenlohe
708 2151 829 2224 certos
849 2140 939 2223 lacit
958 2141 1062 2251 quod
1082 2166 1147 2223 eos
1165 2138 1272 2223 nullo
1291 2163 1463 2248 unquam
1484 2149 1655 2250 tempore

250 2271 424 2382 gravabit
459 2297 572 2380 super
602 2272 839 2383 possessione
875 2273 988 2355 castri
1025 2273 1185 2382 Sciphe,
1223 2273 1327 2382 quod
1360 2270 1572 2356 Lndovicus
1607 2273 1655 2355 de

252 2403 388 2514 Sciphe
404 2405 547 2487 eisdem
565 2431 634 2514 pro
653 2407 813 2489 emenda
831 2418 869 2490 et
892 2405 1147 2488 satisfactione
1171 2404 1412 2488 contradidit.

334 2645 468 2726 (lidtder.
487 2647 732 2720 Hensssmuun,
751 2643 930 2708 homodei.
945 2643 1100 2721 omttct„
1117 2664 1149 2724 p.
1167 2655 1238 2708 tot.
1250 2677 1292 2691 -
1304 2645 1469 2722 Lunnvvm,
1483 2641 1576 2727 ttettq.
1592 2663 1656 2706 nra·

372 2769 483 2825 nauem,
495 2758 520 2812 t.
532 2752 574 2831 11,
585 2772 615 2830 p.
632 2751 715 2832 πθ.)

270 3039 273 3045 ,
301 2965 496 3057 Conradus,
521 2965 593 3038 divi
610 2965 746 3058 augusti
762 2965 979 3060 imperatoris
991 2965 1154 3038 Friderioi
1165 2963 1275 3058 filius,
1291 2964 1353 3037 Dei
1366 2965 1477 3057 gratia
1490 2965 1526 3036 in
1539 2987 1657 3058 regem

251 3093 485 3164 Romanorum
498 3091 644 3177 electus,
664 3110 801 3184 semper
813 3099 981 3181 augustus
999 3099 1034 3160 et
1046 3089 1147 3160 heres
1161 3087 1257 3181 regni
1270 3089 1460 3160 Jerusalem
1474 3098 1510 3161 et
1528 3089 1654 3162 Sicilie.

250 3214 315 3286 Per
334 3235 480 3310 presens
502 3213 668 3308 scriptum
687 3213 732 3285 ad
749 3213 935 3285 modernos
950 3195 1111 3308 protendi
1130 3211 1287 3308 cupimus
1302 3225 1336 3283 et
1353 3212 1399 3285 ad
1415 3213 1549 3285 tuturos
1563 3215 1658 3307 quod

250 3359 330 3410 cum
341 3339 443 3430 juxta
457 3357 600 3432 precum
614 3337 812 3408 instantiam
825 3336 988 3408 Friderici
1002 3335 1144 3408 illustris
1153 3337 1251 3408 ducis
1259 3335 1415 3426 dustria,
1432 3335 1548 3408 dilecti
1562 3337 1658 3431 prin·

252 3461 337 3556 cipis
358 3470 394 3532 et
414 3460 662 3552 consanguinei
682 3461 810 3552 nostri,
832 3460 1028 3548 Ludovicus
1047 3460 1091 3533 de
1114 3461 1263 3555 Schiphe
1281 3459 1517 3553 gloriosissimi
1534 3463 1657 3534 Roma·

251 3607 377 3657 norum
406 3584 622 3680 imperatoris
647 3584 778 3656 domini
805 3594 840 3654 et
862 3583 1028 3677 genitoris
1055 3584 1162 3657 nostri
1185 3584 1295 3677 gratie
1319 3585 1409 3656 foret
1434 3585 1654 3677 reformatus,

251 3690 493 3781 assistentibus
510 3729 627 3781 coram
641 3708 741 3779 nobis
757 3708 958 3780 Gottofredo
975 3719 1009 3780 et
1024 3708 1182 3781 Conrado
1195 3709 1358 3780 tratribus
1376 3709 1421 3780 de
1435 3705 1669 3797 llobenlobe,¹

253 3831 388 3903 dilectis
407 3829 570 3902 fidelibus
590 3831 737 3920 nostris,
757 3853 905 3925 quorum
918 3831 1006 3904 fides
1018 3844 1053 3904 et
1070 3833 1195 3905 merita
1208 3854 1324 3904 coram
1340 3833 1526 3904 serenitate
1541 3845 1658 3906 nostra

252 3955 453 4026 continuata
467 3954 653 4027 devotione
667 3966 916 4049 perornantur,
934 3956 1069 4028 devotis
1085 3951 1233 4052 [eorum]
1251 3957 1411 4051 precibus
1427 3956 1660 4028 favorabiliter

252 4087 466 4166 annuentes,
496 4087 566 4148 tam
588 4078 682 4172 ipsos
698 4099 803 4171 quam
817 4079 971 4173 ipsorum
986 4079 1134 4152 heredes
1147 4080 1299 4175 presenti
1312 4080 1439 4174 scripto
1455 4089 1566 4151 certos
1577 4080 1657 4152 red·

253 4199 336 4272 dere
358 4199 536 4289 duximus,
565 4201 661 4293 quod
684 4223 744 4274 eos
772 4203 869 4274 nullo
890 4223 1044 4297 unquam
1072 4212 1228 4297 tempore
1254 4224 1300 4273 ex
1323 4202 1423 4274 nobis
1438 4203 1494 4273 vel
1511 4203 1659 4274 viventis

251 4323 433 4415 cujusdam
459 4324 767 4419 supplicationibus
790 4335 849 4396 aut
875 4325 1032 4416 inductu,
1059 4347 1123 4420 per
1150 4346 1271 4420 preces
1295 4326 1351 4396 vel
1381 4325 1597 4397 coercionem
1622 4325 1658 4396 in

252 4456 366 4519 castro
390 4446 516 4542 Sciphe
541 4449 597 4518 vel
622 4448 693 4520 suis
719 4448 989 4543 pertinentibuS,
1014 4471 1083 4543 que
1106 4448 1199 4521 idem
1223 4448 1419 4519 Ludovicus
1436 4471 1541 4543 super
1556 4448 1660 4521 illatis

253 4569 390 4640 damnis
416 4580 450 4641 et
466 4571 599 4664 injuriis
613 4573 744 4644 eisdem
760 4593 824 4667 pro
839 4572 986 4644 emenda
999 4583 1034 4644 et
1054 4572 1285 4644 satisfactione
1299 4594 1362 4666 per
1377 4592 1500 4644 manus
1514 4573 1659 4666 predicti

254 4691 386 4764 domini
402 4702 437 4764 et
451 4695 618 4788 genitoris
634 4696 742 4767 nostri
760 4696 985 4786 contradidit,
1000 4696 1223 4789 gravabimus
1240 4704 1302 4768 aut
1316 4695 1535 4789 aliquatenus
1551 4698 1659 4770 offen·

333 4815 386 4879 lll.
405 4829 492 4877 ama
1465 4827 1522 4882 tot
