4352 5940
492 597 555 658 sss
993 595 1206 660 rurnnnrcr
1230 593 1404 659 sscuuor
1712 591 1796 673 [tn.
1812 591 1901 655 tarr.

576 755 709 834 (Edlder.
726 755 875 816 Murrus
888 763 919 817 et
929 753 1074 837 Dmtnn,
1087 755 1225 837 Ampliat.
1240 753 1360 834 collect,
1371 761 1396 816 t.
1408 755 1451 829 ll,
1466 754 1524 818 ool.
1542 751 1822 830 tras-nto‚n·v3
1832 751 1900 816 ooll.

613 877 682 923 cam
695 861 762 924 cod.
774 861 852 925 Btbl.
867 862 968 927 Cesar.
982 865 1090 938 Perta,
1097 863 1191 945 fonds
1204 861 1464 935 enicem,
1478 872 1513 924 n·
1528 870 1601 942 4⁵⁶,
1614 877 1682 942 pars
1693 861 1735 942 Ι.)

543 1047 760 1139 Fredericus‚
778 1057 834 1120 etc
837 1098 1008 1120 .....
1036 1047 1111 1142 regi
1126 1047 1288 1139 Francia,
1306 1057 1362 1122 etc
1364 1097 1900 1124 ..............

544 1171 699 1256 Qualiter
717 1171 764 1244 ad
784 1169 997 1244 offerendam
1016 1172 1259 1267 purgationem
1274 1172 1493 1268 personalem
1508 1192 1614 1268 super
1630 1171 1770 1244 infamie
1785 1180 1905 1242 nomm

495 1295 616 1389 quain
633 1294 901 1388 congregatione
915 1296 1126 1390 prelatorum
1140 1295 1234 1392 apud
1245 1295 1452 1390 Lugdunum
1461 1303 1584 1368 contra
1593 1297 1706 1368 Deum
1716 1307 1753 1368 et
1764 1314 1903 1366 omnem

492 1418 668 1513 justiciam
685 1418 750 1491 iste
766 1440 922 1490 summus
939 1419 1098 1514 pontifex
1113 1439 1178 1492 nos
1193 1419 1341 1508 notavit,
1359 1417 1583 1490 infallibiliter
1602 1418 1813 1510 Lugdunum
1832 1415 1904 1490 dis·

496 1543 714 1641 posuerimus
726 1560 792 1613 nos
805 1543 961 1614 conferre
974 1551 1011 1614 et
1023 1541 1152 1614 abinde
1167 1553 1289 1638 postea
1301 1564 1382 1616 cum
1395 1541 1662 1636 consanguineis
1677 1542 1803 1614 noscis
1818 1540 1907 1636 ipsa·

497 1689 575 1740 rum
589 1666 740 1762 partium
753 1665 924 1759 solempni
937 1665 1111 1762 colloquio
1121 1666 1309 1758 celebrato,
1319 1665 1356 1736 in
1368 1666 1588 1740 Germaniam
1602 1665 1751 1756 dirigere
1763 1664 1908 1738 feliciter

497 1812 637 1884 gressus
659 1799 815 1878 nostros,
834 1787 1125 1882 magnificentiam
1151 1789 1283 1882 regiam
1304 1790 1534 1885 precedentes
1558 1787 1765 1862 excellentie
1790 1797 1906 1860 nostre

498 1915 612 1988 littere
624 1912 831 1985 docuerunt.
844 1911 953 1984 Nobis
966 1911 1094 1984 deinde
1107 1933 1218 2006 usque
1233 1912 1281 1986 ad
1294 1913 1430 1986 radices
1440 1912 1610 1985 montium
1624 1911 1904 2008 procedentibus,

499 2037 710 2135 inopinatus,
728 2035 813 2130 quin
836 2035 950 2132 potius
972 2035 1193 2130 inopinabilis
1210 2035 1312 2108 nobis
1330 2058 1451 2109 rumor
1471 2035 1622 2110 occurrit
1645 2035 1742 2129 quod
1765 2035 1907 2130 quidam

499 2160 634 2234 banniti
652 2159 760 2230 nostri
776 2180 864 2251 quos
879 2157 1077 2231 decivitate
1092 2160 1214 2231 Parme
1230 2168 1397 2254 concepte
1410 2161 1482 2252 jam
1503 2159 1639 2254 pridem
1654 2167 1775 2230 contra
1793 2180 1859 2232 nos
1874 2169 1909 2231 et

499 2305 637 2358 sacrum
653 2281 836 2377 imperium
856 2280 1061 2376 proditionis
1082 2282 1185 2354 timor
1202 2283 1371 2374 ejecerat,
1389 2275 1558 2376 potestate
1580 2282 1728 2354 civitatis
1751 2283 1908 2375 ejusdem

499 2415 536 2478 et
551 2405 760 2500 quibusdam
776 2404 878 2476 sociis
893 2404 965 2476 suis
980 2404 1139 2496 nequiter
1154 2405 1356 2496 interfectis,
1371 2406 1530 2478 Parmam
1545 2406 1793 2478 incredibiliter
1805 2406 1910 2476 intra·

498 2539 639 2603 verunt.
657 2530 802 2623 Propter
816 2526 911 2620 quod
925 2548 1006 2599 cum
1019 2527 1116 2600 cordi
1129 2537 1249 2600 nostro
1271 2529 1315 2600 sit
1335 2549 1419 2600 cura
1440 2529 1605 2624 precipua
1625 2530 1670 2602 de
1688 2527 1909 2602 reformando

499 2663 592 2725 statu
603 2652 699 2724 ltalia
711 2672 816 2744 quam
829 2651 1029 2744 frequentes
1043 2651 1257 2723 turbationes
1269 2663 1304 2724 et
1315 2651 1428 2723 subite
1439 2653 1764 2746 concutiunt,juxta
1776 2674 1909 2724 morem

499 2773 754 2867 magnificentie
769 2785 906 2866 nostre,
922 2773 1138 2869 propositum
1159 2795 1229 2868 quo
1242 2775 1291 2846 ad
1308 2785 1423 2870 partes
1438 2774 1705 2848 intendebamus
1720 2777 1909 2870 procedere

376 2985 379 2990 ¹
500 2899 732 2993 transalpinas
756 2919 802 2968 ex
829 2917 934 2969 causa
954 2897 1111 2992 predicta
1133 2897 1279 2992 proinde
1299 2908 1521 2992 revocantes,
1544 2899 1591 2971 ad
1612 2919 1755 2995 presens
1779 2897 1910 2971 festinis

500 3022 676 3116 gressibus
701 3020 919 3113 regredimur
939 3041 1062 3092 versus
1086 3020 1262 3110 Parmam,
1279 3021 1315 3092 in
1341 3023 1499 3115 ejusdem
1520 3023 1710 3095 eversionis
1730 3022 1910 3118 precipitio

500 3145 766 3219 indubitabilem
782 3142 945 3216 fiduciam
963 3144 1158 3216 obtinentes
1173 3146 1269 3238 quod
1285 3167 1364 3247 cum
1381 3147 1503 3219 civitas
1516 3146 1590 3242 ipsa
1604 3147 1701 3218 locus
1714 3147 1759 3218 sit
1772 3146 1910 3241 penitus

500 3269 716 3356 immunitus,
731 3267 1010 3362 impugnantium
1031 3267 1164 3339 nisibus
1185 3268 1324 3339 obstare
1347 3268 1530 3362 imparata,
1548 3268 1675 3341 milites
1696 3269 1769 3340 fere
1790 3289 1910 3341 omnes

500 3393 610 3488 ipsius
622 3391 759 3486 incepto
775 3391 973 3464 rebellionis
987 3401 1150 3486 expertes
1162 3401 1199 3463 et
1211 3412 1338 3483 magna
1350 3412 1432 3486 pars
1445 3392 1664 3488 popularium
1681 3414 1762 3464 cum
1779 3392 1910 3466 eisdem

501 3517 539 3587 in
554 3526 673 3589 nostra
688 3513 874 3588 devotione
890 3513 1089 3610 persistant,
1104 3525 1205 3587 extra
1218 3516 1394 3588 civitatem
1409 3525 1592 3589 manentes
1604 3538 1685 3589 oum
1698 3515 1825 3589 dilecto
1839 3514 1910 3588 lilio

502 3651 622 3713 nostro
631 3640 779 3711 ilenrico
797 3661 878 3731 rege
894 3638 1051 3710 Sardinie
1068 3650 1104 3711 et
1119 3639 1207 3711 sacri
1222 3640 1357 3734 imperii
1375 3641 1489 3733 legato
1504 3639 1539 3711 in
1558 3640 1656 3712 Italia
1672 3640 1840 3733 generali,
1851 3638 1911 3732 qui

503 3786 583 3836 cum
599 3783 642 3836 eo
658 3771 897 3858 processerant
912 3761 958 3834 ad
971 3761 1188 3834 obsidionem
1204 3764 1384 3854 cujusdam
1400 3763 1504 3836 castri
1518 3774 1715 3837 nostrorum
1729 3762 1911 3836 rebellium

502 3887 539 3957 in
557 3885 721 3958 Brixiano
735 3883 803 3980 (l),
821 3906 901 3957 cum
922 3884 1005 3956 dicti
1025 3885 1159 3956 banniti
1182 3887 1262 3958 talia
1282 3896 1526 3982 patraverunt,
1546 3908 1696 3980 cumque
1717 3887 1822 3958 etiam
1844 3886 1911 3959 cir-

503 4011 675 4082 cumcirca
689 4009 881 4099 civitatum,
895 4017 1086 4080 castrorum
1100 4017 1136 4080 et
1151 4009 1298 4082 aliorum
1314 4011 1469 4082 locorum
1483 4010 1584 4082 nobis
1600 4020 1636 4082 et
1651 4031 1749 4082 sacro
1767 4009 1912 4105 imperio

502 4133 628 4206 devote
652 4131 849 4229 parentium
869 4131 983 4204 cincta
1003 4132 1047 4203 sit
1067 4131 1198 4204 viribus
1225 4132 1346 4205 civitas
1370 4133 1564 4224 antedicta,
1586 4133 1623 4204 in
1646 4133 1746 4206 brevi
1771 4155 1848 4206 eam
1867 4133 1912 4205 ab

504 4277 621 4330 errore
637 4257 836 4351 resipiscere
849 4263 885 4326 et
896 4275 961 4328 nos
976 4275 1224 4348 recognoscere
1239 4278 1343 4329 snum
1359 4255 1538 4330 domiuum
1550 4258 1737 4354 oportebit,
1747 4256 1794 4330 ad
1808 4255 1914 4330 fidem

542 4588 578 4662 (t)
600 4588 734 4644 alnterea
751 4601 799 4642 rex
811 4585 911 4643 Encius
924 4601 987 4642 curn
1002 4583 1228 4642 Cremonensibus
1245 4585 1317 4660 apud
1336 4585 1522 4654 Quinrannum
1538 4592 1658 4645 castrum
1673 4587 1776 4645 Brixiae
1789 4603 1839 4646 sua
1855 4586 1912 4645 fixit

505 4686 629 4756 tentoria,
642 4691 762 4742 castrum
775 4682 840 4740 illud
852 4697 914 4740 cum
928 4679 1057 4740 aediliciis
1069 4681 1256 4756 expugnando.
1270 4701 1284 4736 r
1303 4681 1542 4742 obsoletant.
1557 4684 1589 4740 ic
1604 4682 1668 4744 ltol.
1682 4691 1763 4758 psat,
1777 4703 1808 4759 p.
1822 4688 1885 4744 att.
