4352 5940
531 549 593 616 tas
1032 553 1252 620 rnrnnurcr
1275 555 1453 624 suerunt
1751 559 1834 646 [aa.
1848 561 1932 631 rats.

580 689 710 764 letam
728 690 766 764 iu
784 691 908 766 eodem
930 693 1090 788 registro,
1105 697 1166 769 iol.
1186 692 1233 771 97
1248 704 1479 790 recovered,
1496 693 1588 768 duae
1608 695 1698 768 aliae
1717 697 1935 774 tabellionum

531 813 766 890 institutiones
782 818 827 889 ab
846 817 970 892 eodem
990 819 1166 894 Friderioo
1186 820 1232 893 de
1251 817 1437 893 Antiochia
1458 822 1587 911 issae,
1605 841 1712 916 quas,
1727 843 1807 896 cum
1822 823 1935 898 similis

532 939 701 1013 formulae
723 941 810 1036 sint,
837 943 1066 1017 transcribere
1090 944 1208 1019 denuo
1230 965 1530 1041 supervacaneum
1551 944 1716 1018 duximus
1734 969 1744 1014 τ
1761 969 1832 1020 uua
1851 957 1934 1022 tam·

532 1083 620 1160 pore
640 1066 873 1161 praecedens,
898 1068 1061 1141 sedicet:
1080 1069 1210 1142 Datum
1230 1070 1400 1161 Cortona,
1425 1069 1470 1142 III
1494 1068 1659 1160 octobris,
1684 1069 1805 1165 quinta
1827 1071 1934 1146 iudic·

533 1187 637 1260 tionis
657 1186 714 1287 (id
747 1199 801 1262 est
829 1211 924 1264 auno
952 1187 1090 1288 l2l6);
1115 1193 1226 1266 altera
1250 1213 1337 1266 vero
1367 1191 1539 1288 posterior
1563 1215 1573 1260 ε
1595 1194 1721 1266 Datum
1745 1194 1934 1289 Florentia,

532 1331 627 1386 anuo
659 1312 834 1390 dominice
859 1316 1108 1390 incarnatione
1132 1317 1182 1390 Μ.
1197 1315 1418 1390 ΕΟΧΧΧΧ.
1433 1317 1526 1410 VIII,
1556 1317 1631 1392 XIII
1659 1319 1814 1414 augusti,
1839 1329 1935 1395 sexte

534 1435 746 1511 indiction'u.

586 2011 818 2120 Fridericus,
851 2013 1112 2096 Romanorum
1143 2012 1365 2123 imperator,
1402 2010 1512 2122 regui
1551 2007 1775 2094 officialibus
1812 2003 1938 2092 scribit

532 2145 728 2257 quomodo
747 2156 872 2229 castra
897 2171 967 2228 suu
993 2155 1081 2230 autc
1107 2143 1286 2230 Parmam
1313 2141 1454 2228 fuerint
1479 2142 1529 2226 ab
1556 2137 1733 2226 hostibus
1764 2139 1936 2243 incensa,

533 2289 739 2388 monetque
760 2304 810 2362 ue
831 2277 939 2360 falsis
959 2279 1117 2362 credant
1141 2277 1364 2363 rumoribus
1390 2303 1515 2388 ueque
1539 2273 1675 2360 litteris
1696 2269 1803 2360 bulla
1826 2297 1939 2358 aurea

533 2411 593 2496 uel
611 2409 864 2523 sigilloregui
881 2437 982 2521 quae
998 2412 1161 2522 pendidit
1179 2411 1343 2524 signatis
1357 2410 1475 2496 fidem
1492 2407 1712 2494 adhibeant.

615 2649 712 2729 (Edit.
733 2651 767 2710 lu
790 2645 922 2709 Patride
945 2645 1010 2710 Vra.
1029 2648 1126 2728 epist,
1143 2647 1196 2711 llh.
1211 2647 1258 2729 II,
1272 2666 1339 2728 cap.
1355 2643 1439 2724 XLI3
1458 2646 1529 2710 coll.
1553 2662 1622 2708 cum
1641 2639 1708 2708 eod.
1729 2641 1838 2720 aaa,
1849 2637 1939 2723 stadt

652 2753 859 2829 dossum,
876 2761 946 2832 2⁰²,
965 2761 996 2818 et
1016 2755 1112 2817 tribus
1128 2762 1194 2817 tum
1211 2753 1294 2819 ltus.
1313 2755 1465 2832 Britauu.,
1479 2759 1546 2816 tum
1565 2749 1643 2814 Blhl.
1665 2749 1841 2813 Omma
1857 2743 1939 2810 oudi-

654 2861 763 2942 albus.)

581 3070 786 3161 FriderIeus,
807 3078 876 3144 etc.
895 3069 971 3144 Iltsi
993 3069 1145 3144 volatilis
1165 3071 1258 3142 nne
1279 3069 1492 3167 proprietas,
1512 3088 1582 3162 que
1604 3065 1693 3140 solet
1711 3065 1747 3136 in
1768 3060 1940 3160 prosperis

532 3217 618 3271 vera
636 3193 854 3290 loquacitatis
876 3204 1083 3288 argtumentu
1101 3193 1275 3286 miuume,
1293 3202 1331 3268 et
1348 3193 1384 3266 iu
1401 3191 1622 3266 adversitab's
1640 3189 1777 3264 bublua
1795 3185 1940 3283 sumptis

532 3320 667 3394 viribus
683 3319 800 3392 eundo
817 3317 1001 3410 fictilibus,
1018 3327 1137 3415 prater
1154 3317 1313 3392 vadatis
1325 3317 1458 3410 judicit
1478 3337 1541 3389 sue
1556 3313 1771 3413 probationis
1789 3309 1941 3384 fimbrias

533 3442 696 3535 dibtsro,
708 3463 822 3538 nuper
836 3441 883 3516 de
897 3442 1027 3516 nostrts
1042 3441 1263 3538 processibus
1280 3441 1428 3515 diuersIs
1445 3441 1562 3514 lorsau
1583 3440 1739 3514 discussa
1756 3436 1937 3526 relatibus,

529 3567 659 3640 .uestris
680 3566 858 3640 auditibus
875 3565 1009 3662 aliquid
1028 3567 1254 3662 presentarit,
1271 3585 1318 3638 ne
1340 3576 1460 3641 tamen
1481 3565 1583 3638 aliter
1597 3585 1704 3658 qnam
1719 3581 1838 3634 rerum
1853 3559 1939 3633 ordo

533 3711 572 3765 se
595 3691 743 3780 habeat,
760 3689 1038 3764 adversaunnrm
1064 3699 1263 3762 noseorum
1286 3689 1462 3763 adulteris
1482 3690 1570 3761 lulta
1595 3685 1797 3776 mendaciis,
1813 3682 1940 3758 siuistri

532 3835 636 3890 cauus
648 3815 836 3909 quicquam
852 3814 910 3886 vel
928 3833 1071 3886 suumn
1088 3813 1133 3887 de
1150 3815 1251 3888 uobis
1268 3835 1477 3910 presumens
1490 3813 1695 3905 adduxerit,
1713 3832 1797 3885 eoos
1810 3809 1939 3883 uudtuu

530 3939 687 4013 carimde
701 3936 900 4029 iudagInem
917 3957 1039 4010 aarum
1055 3958 1124 4030 que
1142 3938 1243 4010 nohis
1264 3939 1403 4012 novitas
1418 3939 1641 4031 contigerunt
1659 3947 1780 4008 lauare
1795 3953 1938 4030 pressu·

531 4064 622 4137 tium
645 4062 749 4136 vohis
772 4059 1001 4134 amicabiliter
1021 4061 1215 4136 reierimum
1238 4063 1378 4138 Pridem
1399 4063 1573 4159 siquidem
1596 4062 1681 4136 dum
1705 4057 1939 4133 Parnensinm

530 4197 729 4260 nostrorum
750 4185 932 4257 rebellium
954 4193 1116 4280 proterva
1138 4186 1331 4279 temeritas,
1355 4208 1461 4280 mam
1482 4207 1548 4282 per
1567 4184 1729 4258 Instantis
1750 4180 1940 4256 ohsidIouIs

532 4309 710 4383 excidiuun
724 4315 846 4382 nostra
858 4309 1027 4382 serenitas
1038 4309 1087 4382 ad
1101 4319 1260 4382 extrema
1273 4309 1487 4403 deduxmut,
1497 4311 1613 4382 wnuis
1626 4308 1768 4404 spiritus
1781 4314 1941 4400 vegetata

531 4433 696 4526 suffragIo
715 4432 890 4505 laboraret
907 4430 944 4502 iu
963 4432 1111 4524 ultimis,
1127 4435 1249 4506 voleus
1268 4435 1306 4506 in
1327 4435 1467 4508 Iormne
1485 4434 1595 4508 dubie
1611 4431 1776 4506 manibus
1787 4429 1940 4504 extortis

531 4575 663 4652 ponere
682 4575 822 4626 causam
840 4575 939 4625 suam
957 4576 1026 4648 que
1044 4555 1231 4652 desperare
1250 4557 1395 4630 interius
1411 4557 1609 4630 necessario
1624 4556 1826 4649 cogebatur,
1846 4563 1940 4626 truo-

532 4687 606 4751 tato
618 4699 698 4752 eum
714 4677 888 4772 aliquibus
903 4676 1065 4750 exulibus
1080 4679 1229 4753 civitatis
1243 4679 1350 4776 ipsius
1366 4679 1520 4774 quodm
1532 4679 1753 4754 fraudulenta
1767 4673 1941 4750 machina-
