4310 5908
239 661 341 720 litator.
356 655 404 734 9.]
690 653 887 716 HISTORIA
910 651 1206 715 olruouarrcn.
1585 657 1647 721 ’199

239 792 323 865 bulo
355 798 564 863 censeantur
588 787 757 884 impositis
792 798 827 860 et
856 787 1119 883 quomodolibet
1137 787 1182 860 de
1203 797 1319 861 cetero
1337 789 1570 886 imponendis,
1585 816 1649 889 pro

239 917 402 988 omnibus
419 914 533 1006 terris,
550 913 656 1005 villis,
675 913 844 1002 curtibus,
862 912 1149 1009 possessionibus,
1171 913 1330 1004 terrenis,
1355 913 1529 1008 domibus,
1549 919 1648 1011 locis,

239 1039 345 1112 rebus
358 1048 394 1110 61
406 1037 589 1110 venalibus
602 1036 774 1109 universis
785 1037 866 1128 tuis,
882 1035 1052 1108 heredum
1066 1045 1102 1108 61
1112 1057 1349 1109 666666661616
1366 1049 1503 1111 tuorum
1519 1062 1561 1113 ao
1574 1042 1651 1115 des-

239 1162 462 1235 cendentium
481 1160 529 1232 ab
546 1159 596 1232 eis
622 1171 691 1232 1666
710 1161 897 1233 mobilibus
916 1181 1023 1254 quam
1041 1159 1277 1232 immobilibus
1291 1170 1326 1231 et
1348 1170 1417 1232 tam
1431 1165 1650 1258 presentibus

239 1306 347 1380 66661
362 1285 487 1357 bituris
503 1284 637 1358 situatis
651 1294 687 1356 61
702 1285 823 1380 positis
838 1281 937 1383 [tam]
950 1284 986 1356 in
1000 1283 1198 1357 civitatibus
1211 1285 1337 1358 nostris
1354 1295 1389 1358 et
1404 1287 1492 1359 sacri
1514 1289 1650 1385 imperii

239 1410 374 1500 Parme,
393 1409 561 1482 Cremona
579 1417 615 1480 et
630 1408 804 1480 Placentie
822 1418 858 1480 et
876 1407 1055 1480 territoriis
1073 1408 1158 1499 suis,
1178 1408 1432 1504 episcopatibus
1444 1410 1598 1507 ipsarum
1615 1424 1651 1487 ot

241 1534 427 1626 cujuslibet
443 1554 577 1625 aarum,
596 1554 701 1628 quam
711 1532 789 1605 aliis
798 1532 1009 1624 civitatibus,
1026 1531 1139 1623 terris,
1153 1533 1274 1604 castris
1291 1543 1326 1604 61
1338 1533 1422 1606 16616
1433 1536 1650 1610 1611661661-

240 1657 362 1730 bardie
376 1667 412 1730 et
425 1657 548 1731 ‘luscio
564 1667 600 1730 et
613 1657 793 1730 territoriis
808 1658 865 1730 val
883 1655 1138 1752 episcopatibus
1155 1657 1372 1748 eorumdem,
1390 1680 1525 1731 necnon
1544 1659 1653 1734 homi·

241 1803 304 1854 nes
319 1782 547 1873 laboratores,
564 1781 760 1872 massarios,
776 1783 932 1871 colonos,
950 1781 1096 1852 rusticos
1108 1790 1144 1853 et
1155 1781 1286 1853 incolas
1300 1803 1341 1854 ac
1355 1784 1521 1857 vassallos
1536 1795 1572 1858 et
1585 1786 1650 1860 bo·

241 1906 352 1978 mines
364 1907 409 1980 da
425 1917 581 1978 masnata
597 1906 634 1978 in
651 1916 686 1978 et
700 1928 805 2002 super
818 1904 1018 2000 hujusmodi
1034 1904 1148 1996 161116,
1167 1905 1327 1977 domibus
1334 1916 1369 1978 et
1380 1907 1653 2003 bonispredictis

241 2052 335 2102 nunc
349 2041 384 2102 et
399 2031 435 2101 in
452 2031 607 2102 futurum
623 2030 816 2102 residentes
832 2029 1101 2101 athabitantesa
1112 2028 1653 2124 quibuscumqnegravaminibus

243 2165 278 2227 et
290 2155 454 2228 oneribus
470 2155 713 2251 suprascriptis
727 2155 897 2252 presentis
912 2164 1029 2226 nostre
1045 2155 1171 2251 pagine
1188 2165 1307 2226 tenore
1316 2154 1517 2246 liberamus,
1527 2157 1652 2229 eximi·

243 2302 319 2351 mus
341 2291 376 2352 et
399 2280 629 2372 absolvimus,
645 2300 686 2351 ac
705 2279 881 2369 liberatos,
898 2289 1081 2374 exemptos
1092 2287 1127 2351 et
1141 2278 1318 2350 absolutos
1343 2281 1593 2352 essevolumus
1618 2292 1654 2355 61

243 2404 460 2476 mandamus.
479 2406 713 2476 Docementes
725 2404 762 2475 in
776 2403 929 2499 presenti
942 2412 1062 2475 nostro
1078 2402 1248 2498 imperiali
1264 2402 1379 2475 edicto
1392 2413 1653 2500 statuentesque

242 2538 348 2620 6116,
367 2527 516 2602 heredes
535 2539 570 2600 61
587 2549 804 2602 successores
821 2529 871 2600 tui
888 2549 931 2600 66
943 2528 989 2600 ab
1008 2528 1057 2599 eis
1071 2526 1322 2601 descendentes
1337 2536 1373 2599 et
1385 2527 1545 2602 homiues
1560 2551 1652 2604 mas·

242 2653 336 2742 sarii,
353 2652 567 2725 laboratores
584 2664 619 2725 et
635 2653 767 2742 rustici,
788 2651 945 2725 homines
960 2651 1005 2724 de
1021 2660 1191 2742 masnata,
1209 2651 1349 2722 vassalli
1363 2661 1398 2724 et
1414 2652 1526 2725 incole
1544 2662 1655 2726 terra-

242 2799 333 2866 mm,
346 2777 522 2866 villarum,
538 2777 701 2869 curtium,
711 2777 980 2873 possessionum,
992 2786 1222 2866 terrenorum,
1232 2775 1414 2848 domorum
1431 2787 1466 2848 at
1481 2776 1653 2850 bonorum

242 2901 477 2997 predictomm
503 2911 573 2974 tam
587 2911 767 2997 presentes
781 2923 886 2995 66666
902 2902 1037 2973 laturos
1052 2901 1146 2973 omni
1163 2899 1359 2996 privilegio,
1380 2903 1473 2994 jure,
1492 2902 1603 2995 gratia
1619 2913 1656 2976 et

243 3024 374 3099 honore
397 3027 461 3118 uti,
481 3027 549 3098 frui
569 3037 606 3099 et
625 3026 728 3123 poliri
749 3048 797 3099 ex
820 3047 913 3097 nunc
937 3027 974 3097 in
996 3035 1099 3098 66166
1116 3024 1254 3120 66661116
1277 3034 1312 3097 61
1334 3024 1503 3116 debeatis,
1527 3027 1654 3120 quibus

242 3152 349 3224 ceteri
362 3173 384 3223 a
397 3151 624 3224 serenissimis
637 3151 814 3247 quondam
829 3149 1134 3246 predecessoribus
1150 3148 1655 3245 nostrisimperatoribusetre·

242 3275 344 3367 gibus
360 3275 594 3349 Romanorum
608 3298 651 3348 ac
666 3274 812 3372 imperio
826 3295 924 3348 sacro
941 3274 1095 3370 exempti
1109 3275 1250 3346 luerunt
1267 3282 1302 3345 et
1317 3273 1579 3366 quomodolibet
1594 3293 1654 3368 po-

244 3398 431 3490 tiebantur,
450 3400 527 3492 lege
543 3421 763 3494 quacumque
775 3421 837 3472 seu
855 3399 1114 3487 constitutione,
1134 3407 1275 3488 statuto,
1296 3397 1411 3469 edicte
1439 3397 1567 3492 scripto
1591 3417 1654 3467 seu

243 3524 442 3619 municipali
450 3525 486 3596 in
494 3528 783 3600 contrarinmnon
790 3525 1024 3616 obstantibus3
1040 3524 1167 3618 quibus
1177 3523 1488 3596 etcuilibeteorum
1503 3522 1532 3593 si
1549 3522 1654 3593 etiam

244 3648 279 3719 in
295 3659 466 3743 quantum
477 3650 559 3722 huic
575 3661 692 3724 nostre
704 3651 933 3746 exemptioni,
948 3649 1154 3720 immunitati
1169 3669 1209 3719 66
1219 3646 1414 3721 liberationi
1424 3646 1566 3720 obviare
1579 3667 1655 3742 pos·

246 3773 326 3864 sint,
339 3795 386 3845 ex
396 3786 491 3846 certa
506 3776 649 3848 scientia
664 3785 700 3848 et
713 3776 756 3848 de
766 3784 885 3847 nostra
893 3773 1080 3869 imperialis
1088 3771 1492 3868 plenitudinepotestatis
1505 3772 1655 3843 totaliter

245 3897 452 3992 derogamus
471 3910 506 3972 et
521 3899 725 3994 derogatum
740 3889 1001 3973 essevolumus.
1018 3896 1208 3969 Statuimus
1222 3895 1327 3988 igitur
1342 3905 1377 3967 et
1392 3895 1562 3991 imperiali
1577 3916 1656 3966 san·

245 4019 354 4092 aimus
372 4021 486 4094 edicto
500 4033 671 4117 quatenus
693 4024 788 4095 nulla
814 4043 964 4119 persona
990 4022 1061 4092 alta
1078 4021 1136 4092 vel
1161 4019 1315 4110 humilis,
1341 4018 1571 4090 ecclesiastica
1596 4020 1653 4089 vel

245 4145 422 4234 secularis,
445 4147 650 4241 nullumque
669 4168 870 4238 commune,
892 4145 1077 4237 collegium
1096 4146 1152 4216 vel
1178 4144 1385 4215 universitas
1405 4142 1654 4236 cujuscumque

246 4277 355 4340 616166
371 4291 433 4341 666
449 4270 658 4343 conditionis
677 4272 817 4360 existat,
842 4284 876 4343 te
902 4281 1047 4363 tuosque
1067 4267 1216 4340 heredes
1231 4277 1266 4340 et
1283 4287 1500 4339 successores
1517 4287 1558 4338 ac
1572 4266 1652 4338 des-

246 4391 434 4464 cendentes
449 4395 495 4464 ab
506 4394 556 4466 eis
572 4406 692 4467 contra
708 4396 877 4490 presentis
895 4393 1121 4484 liberationis,
1138 4391 1364 4463 immunitatis
1375 4402 1411 4462 et
1424 4391 1654 4486 exemptionis

247 4525 361 4588 nostre
379 4526 535 4590 tenorem
548 4520 765 4613 aliquatenus
778 4519 960 4615 impedire,
972 4518 1155 4590 molestare
1173 4540 1234 4590 seu
1246 4516 1449 4612 perturbare
1463 4525 1653 4610 presumat.

248 4639 346 4724 Quod
360 4643 389 4713 si
408 4643 486 4736 quis
502 4644 763 4739 presumpserit,
773 4642 1046 4737 indignationem
1056 4642 1216 4715 culminis
1227 4639 1382 4712 nostrisa
1394 4639 1532 4713 noverit
1543 4641 1654 4712 incur·

248 4784 365 4836 surum
381 4776 416 4838 et
431 4778 570 4840 centum
580 4790 714 4842 marcas
729 4769 804 4840 auri
814 4769 891 4864 puri
900 4768 1021 4864 optimi
1033 4789 1097 4863 pro
1107 4788 1197 4862 6666
1207 4764 1492 4860 compositurum3
1507 4787 1656 4859 quarum
