<?xml version="1.0" encoding="UTF-8"?>
<!DOCTYPE html PUBLIC "-//W3C//DTD XHTML 1.0 Transitional//EN"
    "http://www.w3.org/TR/xhtml1/DTD/xhtml1-transitional.dtd">
<html xmlns="http://www.w3.org/1999/xhtml" xml:lang="en" lang="en">
 <head>
  <title>
</title>
<meta http-equiv="Content-Type" content="text/html;charset=utf-8" />
  <meta name='ocr-system' content='tesseract 3.04.00' />
  <meta name='ocr-capabilities' content='ocr_page ocr_carea ocr_par ocr_line ocrx_word'/>
</head>
<body>
  <div class='ocr_page' id='page_1' title='image "./historiadiploma00fredgoog/historiadiploma00fredgoog_0270.png"; bbox 0 0 4310 5908; ppageno 0'>
   <div class='ocr_carea' id='block_1_1' title="bbox 254 571 1657 662">
    <p class='ocr_par' dir='ltr' id='par_1_1' title="bbox 254 571 1657 662">
     <span class='ocr_line' id='line_1_1' title="bbox 254 571 1657 662; baseline -0.004 -20"><span class='ocrx_word' id='word_1_1' title='bbox 254 580 355 642; x_wconf 70' lang='lat' dir='ltr'><strong>turer.</strong></span> <span class='ocrx_word' id='word_1_2' title='bbox 371 577 418 662; x_wconf 82' lang='lat' dir='ltr'><strong>a]</strong></span> <span class='ocrx_word' id='word_1_3' title='bbox 697 571 893 635; x_wconf 83' lang='lat' dir='ltr'><strong>nrsrouru</strong></span> <span class='ocrx_word' id='word_1_4' title='bbox 916 572 1209 638; x_wconf 83' lang='lat' dir='ltr'><strong>ntrnouarreu.</strong></span> <span class='ocrx_word' id='word_1_5' title='bbox 1597 587 1657 652; x_wconf 73' lang='lat'><strong>007</strong></span> 
     </span>
    </p>
   </div>
   <div class='ocr_carea' id='block_1_2' title="bbox 249 709 1657 2907">
    <p class='ocr_par' dir='ltr' id='par_1_2' title="bbox 249 709 1657 2907">
     <span class='ocr_line' id='line_1_2' title="bbox 255 709 1657 811; baseline 0.006 -23"><span class='ocrx_word' id='word_1_6' title='bbox 255 716 349 789; x_wconf 91' lang='lat' dir='ltr'><strong>ditur</strong></span> <span class='ocrx_word' id='word_1_7' title='bbox 370 737 391 787; x_wconf 93' lang='lat' dir='ltr'><strong>a</strong></span> <span class='ocrx_word' id='word_1_8' title='bbox 411 713 583 786; x_wconf 89' lang='lat' dir='ltr'><strong>maritima</strong></span> <span class='ocrx_word' id='word_1_9' title='bbox 606 710 711 783; x_wconf 84' lang='lat' dir='ltr'><strong>l&#39;erre</strong></span> <span class='ocrx_word' id='word_1_10' title='bbox 723 709 803 782; x_wconf 89' lang='lat' dir='ltr'><strong>Bari</strong></span> <span class='ocrx_word' id='word_1_11' title='bbox 817 731 928 804; x_wconf 91' lang='lat' dir='ltr'><strong>usque</strong></span> <span class='ocrx_word' id='word_1_12' title='bbox 947 710 993 782; x_wconf 91' lang='lat' dir='ltr'><strong>ad</strong></span> <span class='ocrx_word' id='word_1_13' title='bbox 1013 711 1243 804; x_wconf 90' lang='lat' dir='ltr'><strong>Polinianum‚</strong></span> <span class='ocrx_word' id='word_1_14' title='bbox 1265 723 1300 785; x_wconf 92' lang='lat' dir='ltr'><strong>et</strong></span> <span class='ocrx_word' id='word_1_15' title='bbox 1313 715 1426 811; x_wconf 91' lang='lat' dir='ltr'><strong>ipsum</strong></span> <span class='ocrx_word' id='word_1_16' title='bbox 1440 719 1657 796; x_wconf 88' lang='lat' dir='ltr'><strong>Polinianum</strong></span> 
     </span>
     <span class='ocr_line' id='line_1_3' title="bbox 254 833 1657 935; baseline 0.006 -23"><span class='ocrx_word' id='word_1_17' title='bbox 254 861 334 912; x_wconf 92' lang='lat' dir='ltr'><strong>cum</strong></span> <span class='ocrx_word' id='word_1_18' title='bbox 351 839 452 911; x_wconf 91' lang='lat' dir='ltr'><strong>terris</strong></span> <span class='ocrx_word' id='word_1_19' title='bbox 469 837 666 910; x_wconf 90' lang='lat' dir='ltr'><strong>omnibnsa</strong></span> <span class='ocrx_word' id='word_1_20' title='bbox 687 833 865 907; x_wconf 90' lang='lat' dir='ltr'><strong>Poliniano</strong></span> <span class='ocrx_word' id='word_1_21' title='bbox 881 855 945 928; x_wconf 93' lang='lat' dir='ltr'><strong>per</strong></span> <span class='ocrx_word' id='word_1_22' title='bbox 965 843 1072 907; x_wconf 91' lang='lat' dir='ltr'><strong>totam</strong></span> <span class='ocrx_word' id='word_1_23' title='bbox 1095 836 1300 909; x_wconf 82' lang='lat' dir='ltr'><strong>Maritimam</strong></span> <span class='ocrx_word' id='word_1_24' title='bbox 1327 862 1438 935; x_wconf 91' lang='lat' dir='ltr'><strong>usque</strong></span> <span class='ocrx_word' id='word_1_25' title='bbox 1458 844 1504 918; x_wconf 91' lang='lat' dir='ltr'><strong>ad</strong></span> <span class='ocrx_word' id='word_1_26' title='bbox 1530 845 1657 920; x_wconf 91' lang='lat' dir='ltr'><strong>dictam</strong></span> 
     </span>
     <span class='ocr_line' id='line_1_4' title="bbox 254 957 1656 1058; baseline 0.004 -22"><span class='ocrx_word' id='word_1_27' title='bbox 254 971 391 1058; x_wconf 92' lang='lat' dir='ltr'><strong>portam</strong></span> <span class='ocrx_word' id='word_1_28' title='bbox 415 961 550 1051; x_wconf 79' lang='lat' dir='ltr'><strong>ltoseti,</strong></span> <span class='ocrx_word' id='word_1_29' title='bbox 572 959 702 1032; x_wconf 90' lang='lat' dir='ltr'><strong>scilicet</strong></span> <span class='ocrx_word' id='word_1_30' title='bbox 720 957 935 1048; x_wconf 83' lang='lat' dir='ltr'><strong>civitatibus,</strong></span> <span class='ocrx_word' id='word_1_31' title='bbox 959 957 1080 1029; x_wconf 91' lang='lat' dir='ltr'><strong>castris</strong></span> <span class='ocrx_word' id='word_1_32' title='bbox 1100 968 1136 1031; x_wconf 87' lang='lat' dir='ltr'><strong>et</strong></span> <span class='ocrx_word' id='word_1_33' title='bbox 1158 959 1250 1032; x_wconf 91' lang='lat' dir='ltr'><strong>villis</strong></span> <span class='ocrx_word' id='word_1_34' title='bbox 1274 960 1364 1034; x_wconf 83' lang='lat' dir='ltr'><strong>infra</strong></span> <span class='ocrx_word' id='word_1_35' title='bbox 1376 967 1560 1057; x_wconf 86' lang='lat' dir='ltr'><strong>contentis,</strong></span> <span class='ocrx_word' id='word_1_36' title='bbox 1577 989 1656 1041; x_wconf 90' lang='lat' dir='ltr'><strong>cum</strong></span> 
     </span>
     <span class='ocr_line' id='line_1_5' title="bbox 253 1079 1656 1186; baseline 0.003 -27"><span class='ocrx_word' id='word_1_37' title='bbox 253 1086 415 1159; x_wconf 90' lang='lat' dir='ltr'><strong>omnibus</strong></span> <span class='ocrx_word' id='word_1_38' title='bbox 434 1083 596 1178; x_wconf 83' lang='lat' dir='ltr'><strong>justiciis,</strong></span> <span class='ocrx_word' id='word_1_39' title='bbox 626 1080 842 1178; x_wconf 91' lang='lat' dir='ltr'><strong>pertinentiis</strong></span> <span class='ocrx_word' id='word_1_40' title='bbox 862 1089 896 1152; x_wconf 94' lang='lat' dir='ltr'><strong>et</strong></span> <span class='ocrx_word' id='word_1_41' title='bbox 921 1079 1110 1152; x_wconf 89' lang='lat' dir='ltr'><strong>rationibus</strong></span> <span class='ocrx_word' id='word_1_42' title='bbox 1130 1081 1290 1156; x_wconf 88' lang='lat' dir='ltr'><strong>omnibus</strong></span> <span class='ocrx_word' id='word_1_43' title='bbox 1314 1094 1383 1157; x_wconf 91' lang='lat' dir='ltr'><strong>tam</strong></span> <span class='ocrx_word' id='word_1_44' title='bbox 1400 1087 1508 1183; x_wconf 90' lang='lat' dir='ltr'><strong>ipsius</strong></span> <span class='ocrx_word' id='word_1_45' title='bbox 1528 1091 1656 1186; x_wconf 93' lang='lat' dir='ltr'><strong>princi·</strong></span> 
     </span>
     <span class='ocr_line' id='line_1_6' title="bbox 254 1203 1656 1305; baseline 0.004 -23"><span class='ocrx_word' id='word_1_46' title='bbox 254 1218 356 1305; x_wconf 89' lang='lat' dir='ltr'><strong>patus</strong></span> <span class='ocrx_word' id='word_1_47' title='bbox 378 1230 482 1302; x_wconf 62' lang='lat' dir='ltr'><strong>mam</strong></span> <span class='ocrx_word' id='word_1_48' title='bbox 514 1207 738 1280; x_wconf 75' lang='lat' dir='ltr'><strong>comitatuum</strong></span> <span class='ocrx_word' id='word_1_49' title='bbox 759 1203 1006 1300; x_wconf 91' lang='lat' dir='ltr'><strong>predictomm.</strong></span> <span class='ocrx_word' id='word_1_50' title='bbox 1035 1204 1262 1278; x_wconf 74' lang='lat' dir='ltr'><strong>concedimus</strong></span> <span class='ocrx_word' id='word_1_51' title='bbox 1292 1208 1396 1281; x_wconf 89' lang='lat' dir='ltr'><strong>etiam</strong></span> <span class='ocrx_word' id='word_1_52' title='bbox 1425 1213 1537 1286; x_wconf 88' lang='lat' dir='ltr'><strong>eidem</strong></span> <span class='ocrx_word' id='word_1_53' title='bbox 1570 1216 1656 1288; x_wconf 91' lang='lat' dir='ltr'><strong>civi·</strong></span> 
     </span>
     <span class='ocr_line' id='line_1_7' title="bbox 253 1327 1654 1432; baseline 0.004 -26"><span class='ocrx_word' id='word_1_54' title='bbox 253 1343 361 1406; x_wconf 88' lang='lat' dir='ltr'><strong>tatem</strong></span> <span class='ocrx_word' id='word_1_55' title='bbox 374 1332 499 1406; x_wconf 81' lang='lat' dir='ltr'><strong>Montis</strong></span> <span class='ocrx_word' id='word_1_56' title='bbox 515 1331 631 1403; x_wconf 85' lang='lat' dir='ltr'><strong>Sancti</strong></span> <span class='ocrx_word' id='word_1_57' title='bbox 643 1327 768 1422; x_wconf 81' lang='lat' dir='ltr'><strong>Angeli</strong></span> <span class='ocrx_word' id='word_1_58' title='bbox 783 1349 863 1401; x_wconf 89' lang='lat' dir='ltr'><strong>cum</strong></span> <span class='ocrx_word' id='word_1_59' title='bbox 883 1336 956 1400; x_wconf 86' lang='lat' dir='ltr'><strong>toto</strong></span> <span class='ocrx_word' id='word_1_60' title='bbox 975 1327 1106 1400; x_wconf 90' lang='lat' dir='ltr'><strong>honore</strong></span> <span class='ocrx_word' id='word_1_61' title='bbox 1136 1349 1217 1420; x_wconf 90' lang='lat' dir='ltr'><strong>suo,</strong></span> <span class='ocrx_word' id='word_1_62' title='bbox 1251 1332 1412 1406; x_wconf 90' lang='lat' dir='ltr'><strong>omnibus</strong></span> <span class='ocrx_word' id='word_1_63' title='bbox 1438 1335 1654 1432; x_wconf 90' lang='lat' dir='ltr'><strong>civitatibus,</strong></span> 
     </span>
     <span class='ocr_line' id='line_1_8' title="bbox 252 1451 1656 1549; baseline 0.004 -18"><span class='ocrx_word' id='word_1_64' title='bbox 252 1457 375 1531; x_wconf 87' lang='lat' dir='ltr'><strong>castris</strong></span> <span class='ocrx_word' id='word_1_65' title='bbox 410 1467 446 1530; x_wconf 88' lang='lat' dir='ltr'><strong>et</strong></span> <span class='ocrx_word' id='word_1_66' title='bbox 477 1456 584 1547; x_wconf 87' lang='lat' dir='ltr'><strong>villis,</strong></span> <span class='ocrx_word' id='word_1_67' title='bbox 617 1454 733 1546; x_wconf 84' lang='lat' dir='ltr'><strong>terris,</strong></span> <span class='ocrx_word' id='word_1_68' title='bbox 768 1451 985 1549; x_wconf 89' lang='lat' dir='ltr'><strong>pertinentiis</strong></span> <span class='ocrx_word' id='word_1_69' title='bbox 1019 1461 1054 1525; x_wconf 93' lang='lat' dir='ltr'><strong>et</strong></span> <span class='ocrx_word' id='word_1_70' title='bbox 1081 1453 1222 1545; x_wconf 89' lang='lat' dir='ltr'><strong>justitiis</strong></span> <span class='ocrx_word' id='word_1_71' title='bbox 1254 1465 1289 1528; x_wconf 88' lang='lat' dir='ltr'><strong>et</strong></span> <span class='ocrx_word' id='word_1_72' title='bbox 1319 1458 1511 1534; x_wconf 88' lang='lat' dir='ltr'><strong>rationibus</strong></span> <span class='ocrx_word' id='word_1_73' title='bbox 1542 1462 1656 1537; x_wconf 90' lang='lat' dir='ltr'><strong>eidem</strong></span> 
     </span>
     <span class='ocr_line' id='line_1_9' title="bbox 252 1576 1656 1679; baseline 0.006 -27"><span class='ocrx_word' id='word_1_74' title='bbox 252 1580 377 1653; x_wconf 88' lang='lat' dir='ltr'><strong>honori</strong></span> <span class='ocrx_word' id='word_1_75' title='bbox 403 1579 669 1677; x_wconf 89' lang='lat' dir='ltr'><strong>pertinentibus,</strong></span> <span class='ocrx_word' id='word_1_76' title='bbox 698 1576 830 1650; x_wconf 88' lang='lat' dir='ltr'><strong>scilicet</strong></span> <span class='ocrx_word' id='word_1_77' title='bbox 853 1597 921 1670; x_wconf 92' lang='lat' dir='ltr'><strong>que</strong></span> <span class='ocrx_word' id='word_1_78' title='bbox 947 1576 991 1649; x_wconf 91' lang='lat' dir='ltr'><strong>de</strong></span> <span class='ocrx_word' id='word_1_79' title='bbox 1020 1576 1180 1650; x_wconf 91' lang='lat' dir='ltr'><strong>demanio</strong></span> <span class='ocrx_word' id='word_1_80' title='bbox 1203 1577 1241 1650; x_wconf 89' lang='lat' dir='ltr'><strong>in&#39;</strong></span> <span class='ocrx_word' id='word_1_81' title='bbox 1263 1579 1460 1654; x_wconf 87' lang='lat' dir='ltr'><strong>demanium</strong></span> <span class='ocrx_word' id='word_1_82' title='bbox 1476 1593 1512 1656; x_wconf 93' lang='lat' dir='ltr'><strong>et</strong></span> <span class='ocrx_word' id='word_1_83' title='bbox 1526 1607 1595 1679; x_wconf 87' lang='lat' dir='ltr'><strong>que</strong></span> <span class='ocrx_word' id='word_1_84' title='bbox 1612 1587 1656 1660; x_wconf 95' lang='lat' dir='ltr'><strong>de</strong></span> 
     </span>
     <span class='ocr_line' id='line_1_10' title="bbox 253 1699 1655 1804; baseline 0.004 -27"><span class='ocrx_word' id='word_1_85' title='bbox 253 1706 397 1778; x_wconf 89' lang='lat' dir='ltr'><strong>servitio</strong></span> <span class='ocrx_word' id='word_1_86' title='bbox 416 1705 452 1777; x_wconf 94' lang='lat' dir='ltr'><strong>in</strong></span> <span class='ocrx_word' id='word_1_87' title='bbox 475 1703 666 1777; x_wconf 84' lang='lat' dir='ltr'><strong>servitium.</strong></span> <span class='ocrx_word' id='word_1_88' title='bbox 691 1700 918 1774; x_wconf 78' lang='lat' dir='ltr'><strong>concedimus</strong></span> <span class='ocrx_word' id='word_1_89' title='bbox 946 1699 1050 1772; x_wconf 91' lang='lat' dir='ltr'><strong>etiam</strong></span> <span class='ocrx_word' id='word_1_90' title='bbox 1079 1709 1116 1773; x_wconf 88' lang='lat' dir='ltr'><strong>et</strong></span> <span class='ocrx_word' id='word_1_91' title='bbox 1141 1700 1385 1777; x_wconf 89' lang='lat' dir='ltr'><strong>confirmamus</strong></span> <span class='ocrx_word' id='word_1_92' title='bbox 1412 1706 1526 1780; x_wconf 87' lang='lat' dir='ltr'><strong>eidem</strong></span> <span class='ocrx_word' id='word_1_93' title='bbox 1552 1709 1655 1804; x_wconf 91' lang='lat' dir='ltr'><strong>quid·</strong></span> 
     </span>
     <span class='ocr_line' id='line_1_11' title="bbox 251 1824 1656 1927; baseline 0.002 -25"><span class='ocrx_word' id='word_1_94' title='bbox 251 1827 337 1921; x_wconf 85' lang='lat' dir='ltr'><strong>quid</strong></span> <span class='ocrx_word' id='word_1_95' title='bbox 358 1825 425 1901; x_wconf 88' lang='lat' dir='ltr'><strong>sibi</strong></span> <span class='ocrx_word' id='word_1_96' title='bbox 448 1827 485 1899; x_wconf 92' lang='lat' dir='ltr'><strong>in</strong></span> <span class='ocrx_word' id='word_1_97' title='bbox 506 1825 651 1922; x_wconf 89' lang='lat' dir='ltr'><strong>imperio</strong></span> <span class='ocrx_word' id='word_1_98' title='bbox 670 1835 723 1896; x_wconf 88' lang='lat' dir='ltr'><strong>est</strong></span> <span class='ocrx_word' id='word_1_99' title='bbox 742 1846 763 1898; x_wconf 86' lang='lat' dir='ltr'><strong>a</strong></span> <span class='ocrx_word' id='word_1_100' title='bbox 785 1833 902 1896; x_wconf 78' lang='lat' dir='ltr'><strong>nosue</strong></span> <span class='ocrx_word' id='word_1_101' title='bbox 918 1824 1098 1916; x_wconf 83' lang='lat' dir='ltr'><strong>majestate</strong></span> <span class='ocrx_word' id='word_1_102' title='bbox 1119 1845 1339 1917; x_wconf 73' lang='lat' dir='ltr'><strong>concessum,</strong></span> <span class='ocrx_word' id='word_1_103' title='bbox 1362 1827 1409 1899; x_wconf 91' lang='lat' dir='ltr'><strong>ita</strong></span> <span class='ocrx_word' id='word_1_104' title='bbox 1429 1839 1544 1903; x_wconf 91' lang='lat' dir='ltr'><strong>tamen</strong></span> <span class='ocrx_word' id='word_1_105' title='bbox 1561 1833 1656 1927; x_wconf 91' lang='lat' dir='ltr'><strong>quod</strong></span> 
     </span>
     <span class='ocr_line' id='line_1_12' title="bbox 252 1946 1656 2047; baseline 0.004 -23"><span class='ocrx_word' id='word_1_106' title='bbox 252 1951 408 2047; x_wconf 87' lang='lat' dir='ltr'><strong>predicta</strong></span> <span class='ocrx_word' id='word_1_107' title='bbox 442 1951 607 2024; x_wconf 92' lang='lat' dir='ltr'><strong>omniaa</strong></span> <span class='ocrx_word' id='word_1_108' title='bbox 639 1951 773 2047; x_wconf 85' lang='lat' dir='ltr'><strong>prelato</strong></span> <span class='ocrx_word' id='word_1_109' title='bbox 799 1946 956 2022; x_wconf 88' lang='lat' dir='ltr'><strong>Conrado</strong></span> <span class='ocrx_word' id='word_1_110' title='bbox 983 1956 1101 2019; x_wconf 73' lang='lat' dir='ltr'><strong>wneat</strong></span> <span class='ocrx_word' id='word_1_111' title='bbox 1127 1969 1169 2021; x_wconf 92' lang='lat' dir='ltr'><strong>ac</strong></span> <span class='ocrx_word' id='word_1_112' title='bbox 1189 1949 1292 2022; x_wconf 91' lang='lat' dir='ltr'><strong>etiam</strong></span> <span class='ocrx_word' id='word_1_113' title='bbox 1318 1965 1542 2045; x_wconf 85' lang='lat' dir='ltr'><strong>recognoscat</strong></span> <span class='ocrx_word' id='word_1_114' title='bbox 1564 1985 1575 2028; x_wconf 74' lang='grc' dir='ltr'><strong><em>ε</em></strong></span> <span class='ocrx_word' id='word_1_115' title='bbox 1598 1958 1656 2029; x_wconf 93' lang='lat' dir='ltr'><strong>cui</strong></span> 
     </span>
     <span class='ocr_line' id='line_1_13' title="bbox 251 2070 1654 2167; baseline 0.004 -20"><span class='ocrx_word' id='word_1_116' title='bbox 251 2075 431 2147; x_wconf 87' lang='lat' dir='ltr'><strong>lllaniredo</strong></span> <span class='ocrx_word' id='word_1_117' title='bbox 451 2073 649 2167; x_wconf 83' lang='lat' dir='ltr'><strong>judicamus</strong></span> <span class='ocrx_word' id='word_1_118' title='bbox 676 2073 780 2145; x_wconf 90' lang='lat' dir='ltr'><strong>etiam</strong></span> <span class='ocrx_word' id='word_1_119' title='bbox 807 2093 872 2167; x_wconf 88' lang='lat' dir='ltr'><strong>pro</strong></span> <span class='ocrx_word' id='word_1_120' title='bbox 901 2070 1064 2166; x_wconf 82' lang='lat' dir='ltr'><strong>expensis</strong></span> <span class='ocrx_word' id='word_1_121' title='bbox 1090 2071 1161 2142; x_wconf 90' lang='lat' dir='ltr'><strong>suis</strong></span> <span class='ocrx_word' id='word_1_122' title='bbox 1190 2071 1312 2144; x_wconf 90' lang='lat' dir='ltr'><strong>decem</strong></span> <span class='ocrx_word' id='word_1_123' title='bbox 1339 2075 1446 2147; x_wconf 91' lang='lat' dir='ltr'><strong>millia</strong></span> <span class='ocrx_word' id='word_1_124' title='bbox 1474 2078 1654 2151; x_wconf 88' lang='lat' dir='ltr'><strong>unciarum</strong></span> 
     </span>
     <span class='ocr_line' id='line_1_14' title="bbox 251 2193 1656 2290; baseline 0.004 -20"><span class='ocrx_word' id='word_1_125' title='bbox 251 2198 340 2270; x_wconf 91' lang='lat' dir='ltr'><strong>auri.</strong></span> <span class='ocrx_word' id='word_1_126' title='bbox 363 2237 414 2254; x_wconf 94' lang='lat'><em>-</em></span> <span class='ocrx_word' id='word_1_127' title='bbox 438 2199 524 2270; x_wconf 91' lang='lat' dir='ltr'><strong>ltem</strong></span> <span class='ocrx_word' id='word_1_128' title='bbox 551 2197 733 2269; x_wconf 80' lang='lat' dir='ltr'><strong>statuimus</strong></span> <span class='ocrx_word' id='word_1_129' title='bbox 754 2195 850 2290; x_wconf 91' lang='lat' dir='ltr'><strong>quod</strong></span> <span class='ocrx_word' id='word_1_130' title='bbox 870 2193 1063 2268; x_wconf 87' lang='lat' dir='ltr'><strong>Fridericus</strong></span> <span class='ocrx_word' id='word_1_131' title='bbox 1085 2217 1194 2290; x_wconf 90' lang='lat' dir='ltr'><strong>nepos</strong></span> <span class='ocrx_word' id='word_1_132' title='bbox 1216 2207 1335 2269; x_wconf 88' lang='lat' dir='ltr'><strong>noster</strong></span> <span class='ocrx_word' id='word_1_133' title='bbox 1355 2198 1484 2272; x_wconf 91' lang='lat' dir='ltr'><strong>habeat</strong></span> <span class='ocrx_word' id='word_1_134' title='bbox 1510 2201 1656 2276; x_wconf 87' lang='lat' dir='ltr'><strong>ducatus</strong></span> 
     </span>
     <span class='ocr_line' id='line_1_15' title="bbox 250 2313 1657 2419; baseline 0.004 -24"><span class='ocrx_word' id='word_1_135' title='bbox 250 2321 390 2395; x_wconf 78' lang='lat' dir='ltr'><strong>Austris</strong></span> <span class='ocrx_word' id='word_1_136' title='bbox 420 2332 455 2395; x_wconf 92' lang='lat' dir='ltr'><strong>et</strong></span> <span class='ocrx_word' id='word_1_137' title='bbox 488 2321 616 2418; x_wconf 78' lang='lat' dir='ltr'><strong>styrie,</strong></span> <span class='ocrx_word' id='word_1_138' title='bbox 644 2341 732 2415; x_wconf 90' lang='lat' dir='ltr'><strong>quos</strong></span> <span class='ocrx_word' id='word_1_139' title='bbox 759 2319 954 2415; x_wconf 90' lang='lat' dir='ltr'><strong>apredicto</strong></span> <span class='ocrx_word' id='word_1_140' title='bbox 969 2313 1125 2393; x_wconf 85' lang='lat' dir='ltr'><strong>Conrado</strong></span> <span class='ocrx_word' id='word_1_141' title='bbox 1152 2329 1268 2393; x_wconf 87' lang='lat' dir='ltr'><strong>teneat</strong></span> <span class='ocrx_word' id='word_1_142' title='bbox 1291 2332 1577 2419; x_wconf 78' lang='lat' dir='ltr'><strong>etrecognoscat3</strong></span> <span class='ocrx_word' id='word_1_143' title='bbox 1600 2329 1657 2401; x_wconf 92' lang='lat' dir='ltr'><strong>cui</strong></span> 
     </span>
     <span class='ocr_line' id='line_1_16' title="bbox 249 2443 1657 2539; baseline 0.003 -21"><span class='ocrx_word' id='word_1_144' title='bbox 249 2445 425 2518; x_wconf 87' lang='lat' dir='ltr'><strong>Friderico</strong></span> <span class='ocrx_word' id='word_1_145' title='bbox 446 2445 644 2539; x_wconf 78' lang='lat' dir='ltr'><strong>Judicamus</strong></span> <span class='ocrx_word' id='word_1_146' title='bbox 671 2464 735 2539; x_wconf 91' lang='lat' dir='ltr'><strong>pro</strong></span> <span class='ocrx_word' id='word_1_147' title='bbox 766 2444 929 2538; x_wconf 85' lang='lat' dir='ltr'><strong>expensis</strong></span> <span class='ocrx_word' id='word_1_148' title='bbox 950 2444 1022 2516; x_wconf 88' lang='lat' dir='ltr'><strong>suis</strong></span> <span class='ocrx_word' id='word_1_149' title='bbox 1051 2443 1173 2516; x_wconf 88' lang='lat' dir='ltr'><strong>decem</strong></span> <span class='ocrx_word' id='word_1_150' title='bbox 1203 2444 1297 2516; x_wconf 89' lang='lat' dir='ltr'><strong>milia</strong></span> <span class='ocrx_word' id='word_1_151' title='bbox 1310 2446 1490 2520; x_wconf 89' lang='lat' dir='ltr'><strong>unciamm</strong></span> <span class='ocrx_word' id='word_1_152' title='bbox 1507 2451 1657 2525; x_wconf 88' lang='lat' dir='ltr'><strong>auri.—</strong></span> 
     </span>
     <span class='ocr_line' id='line_1_17' title="bbox 250 2565 1656 2664; baseline 0.004 -22"><span class='ocrx_word' id='word_1_153' title='bbox 250 2571 337 2642; x_wconf 88' lang='lat' dir='ltr'><strong>ltem</strong></span> <span class='ocrx_word' id='word_1_154' title='bbox 362 2570 544 2642; x_wconf 86' lang='lat' dir='ltr'><strong>statuimus</strong></span> <span class='ocrx_word' id='word_1_155' title='bbox 564 2578 604 2640; x_wconf 94' lang='lat' dir='ltr'><strong>ut</strong></span> <span class='ocrx_word' id='word_1_156' title='bbox 624 2567 805 2641; x_wconf 87' lang='lat' dir='ltr'><strong>Heinricus</strong></span> <span class='ocrx_word' id='word_1_157' title='bbox 824 2565 915 2640; x_wconf 90' lang='lat' dir='ltr'><strong>lilius</strong></span> <span class='ocrx_word' id='word_1_158' title='bbox 935 2577 1053 2641; x_wconf 93' lang='lat' dir='ltr'><strong>noster</strong></span> <span class='ocrx_word' id='word_1_159' title='bbox 1075 2566 1364 2664; x_wconf 86' lang='lat' dir='ltr'><strong>habeatregnum</strong></span> <span class='ocrx_word' id='word_1_160' title='bbox 1382 2569 1583 2647; x_wconf 70' lang='lat' dir='ltr'><strong>arelatense</strong></span> <span class='ocrx_word' id='word_1_161' title='bbox 1598 2578 1656 2648; x_wconf 84' lang='lat' dir='ltr'><strong>vel</strong></span> 
     </span>
     <span class='ocr_line' id='line_1_18' title="bbox 250 2691 1655 2792; baseline 0.005 -28"><span class='ocrx_word' id='word_1_162' title='bbox 250 2713 397 2786; x_wconf 87' lang='lat' dir='ltr'><strong>regnum</strong></span> <span class='ocrx_word' id='word_1_163' title='bbox 427 2692 757 2782; x_wconf 80' lang='lat' dir='ltr'><strong>lerosolimitanum,</strong></span> <span class='ocrx_word' id='word_1_164' title='bbox 789 2712 937 2786; x_wconf 89' lang='lat' dir='ltr'><strong>quorum</strong></span> <span class='ocrx_word' id='word_1_165' title='bbox 965 2691 1113 2763; x_wconf 88' lang='lat' dir='ltr'><strong>alterum</strong></span> <span class='ocrx_word' id='word_1_166' title='bbox 1141 2691 1253 2765; x_wconf 90' lang='lat' dir='ltr'><strong>dictus</strong></span> <span class='ocrx_word' id='word_1_167' title='bbox 1283 2693 1460 2767; x_wconf 77' lang='lat' dir='ltr'><strong>conradus</strong></span> <span class='ocrx_word' id='word_1_168' title='bbox 1484 2698 1655 2792; x_wconf 87' lang='lat' dir='ltr'><strong>prelatum</strong></span> 
     </span>
     <span class='ocr_line' id='line_1_19' title="bbox 250 2814 1655 2907; baseline 0.004 -18"><span class='ocrx_word' id='word_1_169' title='bbox 250 2817 448 2890; x_wconf 87' lang='lat' dir='ltr'><strong>Heinricum</strong></span> <span class='ocrx_word' id='word_1_170' title='bbox 475 2815 605 2888; x_wconf 87' lang='lat' dir='ltr'><strong>habere</strong></span> <span class='ocrx_word' id='word_1_171' title='bbox 631 2815 798 2906; x_wconf 84' lang='lat' dir='ltr'><strong>voluerit;</strong></span> <span class='ocrx_word' id='word_1_172' title='bbox 823 2815 878 2886; x_wconf 91' lang='lat' dir='ltr'><strong>cui</strong></span> <span class='ocrx_word' id='word_1_173' title='bbox 901 2814 1060 2887; x_wconf 87' lang='lat' dir='ltr'><strong>Heinrico</strong></span> <span class='ocrx_word' id='word_1_174' title='bbox 1076 2815 1273 2907; x_wconf 86' lang='lat' dir='ltr'><strong>judicamus</strong></span> <span class='ocrx_word' id='word_1_175' title='bbox 1298 2827 1437 2890; x_wconf 92' lang='lat' dir='ltr'><strong>centum</strong></span> <span class='ocrx_word' id='word_1_176' title='bbox 1468 2820 1562 2893; x_wconf 92' lang='lat' dir='ltr'><strong>milia</strong></span> <span class='ocrx_word' id='word_1_177' title='bbox 1588 2843 1655 2894; x_wconf 92' lang='lat' dir='ltr'><strong>un·</strong></span> 
     </span>
    </p>
   </div>
   <div class='ocr_carea' id='block_1_3' title="bbox 248 2938 1655 3656">
    <p class='ocr_par' dir='ltr' id='par_1_3' title="bbox 248 2938 1655 3656">
     <span class='ocr_line' id='line_1_20' title="bbox 249 2938 1655 3036; baseline 0.003 -23"><span class='ocrx_word' id='word_1_178' title='bbox 249 2939 382 3013; x_wconf 85' lang='lat' dir='ltr'><strong>ciarum</strong></span> <span class='ocrx_word' id='word_1_179' title='bbox 397 2941 471 3012; x_wconf 89' lang='lat' dir='ltr'><strong>anri</strong></span> <span class='ocrx_word' id='word_1_180' title='bbox 488 2961 553 3036; x_wconf 91' lang='lat' dir='ltr'><strong>pro</strong></span> <span class='ocrx_word' id='word_1_181' title='bbox 578 2939 753 3035; x_wconf 85' lang='lat' dir='ltr'><strong>expensis.</strong></span> <span class='ocrx_word' id='word_1_182' title='bbox 769 2979 819 2994; x_wconf 90' lang='lat'>-</span> <span class='ocrx_word' id='word_1_183' title='bbox 838 2938 924 3011; x_wconf 88' lang='lat' dir='ltr'><strong>Item</strong></span> <span class='ocrx_word' id='word_1_184' title='bbox 945 2939 1126 3011; x_wconf 88' lang='lat' dir='ltr'><strong>statuimus</strong></span> <span class='ocrx_word' id='word_1_185' title='bbox 1146 2949 1185 3012; x_wconf 91' lang='lat' dir='ltr'><strong>ut</strong></span> <span class='ocrx_word' id='word_1_186' title='bbox 1209 2950 1349 3012; x_wconf 89' lang='lat' dir='ltr'><strong>centum</strong></span> <span class='ocrx_word' id='word_1_187' title='bbox 1366 2942 1459 3013; x_wconf 92' lang='lat' dir='ltr'><strong>milia</strong></span> <span class='ocrx_word' id='word_1_188' title='bbox 1474 2944 1655 3017; x_wconf 89' lang='lat' dir='ltr'><strong>unciarum</strong></span> 
     </span>
     <span class='ocr_line' id='line_1_21' title="bbox 249 3062 1652 3162; baseline 0.004 -26"><span class='ocrx_word' id='word_1_189' title='bbox 249 3065 325 3138; x_wconf 91' lang='lat' dir='ltr'><strong>auri</strong></span> <span class='ocrx_word' id='word_1_190' title='bbox 349 3063 594 3162; x_wconf 85' lang='lat' dir='ltr'><strong>expendantur</strong></span> <span class='ocrx_word' id='word_1_191' title='bbox 613 3085 676 3159; x_wconf 91' lang='lat' dir='ltr'><strong>pro</strong></span> <span class='ocrx_word' id='word_1_192' title='bbox 698 3065 809 3135; x_wconf 88' lang='lat' dir='ltr'><strong>salute</strong></span> <span class='ocrx_word' id='word_1_193' title='bbox 828 3062 943 3134; x_wconf 91' lang='lat' dir='ltr'><strong>anime</strong></span> <span class='ocrx_word' id='word_1_194' title='bbox 961 3073 1079 3136; x_wconf 91' lang='lat' dir='ltr'><strong>nostre</strong></span> <span class='ocrx_word' id='word_1_195' title='bbox 1103 3063 1139 3134; x_wconf 95' lang='lat' dir='ltr'><strong>in</strong></span> <span class='ocrx_word' id='word_1_196' title='bbox 1169 3064 1359 3136; x_wconf 88' lang='lat' dir='ltr'><strong>subsidium</strong></span> <span class='ocrx_word' id='word_1_197' title='bbox 1387 3066 1490 3139; x_wconf 84' lang='lat' dir='ltr'><strong>Terre</strong></span> <span class='ocrx_word' id='word_1_198' title='bbox 1513 3069 1652 3160; x_wconf 91' lang='lat' dir='ltr'><strong>Sancte,</strong></span> 
     </span>
     <span class='ocr_line' id='line_1_22' title="bbox 250 3186 1653 3285; baseline 0.001 -24"><span class='ocrx_word' id='word_1_199' title='bbox 250 3189 442 3262; x_wconf 89' lang='lat' dir='ltr'><strong>secundum</strong></span> <span class='ocrx_word' id='word_1_200' title='bbox 462 3187 716 3261; x_wconf 83' lang='lat' dir='ltr'><strong>ordinationem</strong></span> <span class='ocrx_word' id='word_1_201' title='bbox 736 3187 820 3260; x_wconf 91' lang='lat' dir='ltr'><strong>dicti</strong></span> <span class='ocrx_word' id='word_1_202' title='bbox 842 3186 990 3259; x_wconf 77' lang='lat' dir='ltr'><strong>conradi</strong></span> <span class='ocrx_word' id='word_1_203' title='bbox 1017 3198 1053 3258; x_wconf 94' lang='lat' dir='ltr'><strong>et</strong></span> <span class='ocrx_word' id='word_1_204' title='bbox 1073 3186 1220 3260; x_wconf 90' lang='lat' dir='ltr'><strong>aliomm</strong></span> <span class='ocrx_word' id='word_1_205' title='bbox 1242 3188 1409 3260; x_wconf 90' lang='lat' dir='ltr'><strong>nobilium</strong></span> <span class='ocrx_word' id='word_1_206' title='bbox 1435 3193 1653 3285; x_wconf 84' lang='lat' dir='ltr'><strong>crucesigna-</strong></span> 
     </span>
     <span class='ocr_line' id='line_1_23' title="bbox 251 3311 1653 3408; baseline 0.002 -22"><span class='ocrx_word' id='word_1_207' title='bbox 251 3323 379 3386; x_wconf 89' lang='lat' dir='ltr'><strong>torum.</strong></span> <span class='ocrx_word' id='word_1_208' title='bbox 390 3353 440 3368; x_wconf 93' lang='lat'>-</span> <span class='ocrx_word' id='word_1_209' title='bbox 461 3315 548 3386; x_wconf 87' lang='lat' dir='ltr'><strong>ltom</strong></span> <span class='ocrx_word' id='word_1_210' title='bbox 563 3312 746 3386; x_wconf 85' lang='lat' dir='ltr'><strong>statuimus</strong></span> <span class='ocrx_word' id='word_1_211' title='bbox 761 3321 801 3382; x_wconf 94' lang='lat' dir='ltr'><strong>ut</strong></span> <span class='ocrx_word' id='word_1_212' title='bbox 814 3311 928 3384; x_wconf 92' lang='lat' dir='ltr'><strong>omnia</strong></span> <span class='ocrx_word' id='word_1_213' title='bbox 941 3311 1034 3384; x_wconf 89' lang='lat' dir='ltr'><strong>bona</strong></span> <span class='ocrx_word' id='word_1_214' title='bbox 1049 3311 1174 3383; x_wconf 89' lang='lat' dir='ltr'><strong>milicie</strong></span> <span class='ocrx_word' id='word_1_215' title='bbox 1191 3311 1315 3384; x_wconf 90' lang='lat' dir='ltr'><strong>domus</strong></span> <span class='ocrx_word' id='word_1_216' title='bbox 1327 3313 1458 3408; x_wconf 84' lang='lat' dir='ltr'><strong>Templi</strong></span> <span class='ocrx_word' id='word_1_217' title='bbox 1473 3337 1542 3408; x_wconf 89' lang='lat' dir='ltr'><strong>qne</strong></span> <span class='ocrx_word' id='word_1_218' title='bbox 1558 3317 1653 3390; x_wconf 90' lang='lat' dir='ltr'><strong>curia</strong></span> 
     </span>
     <span class='ocr_line' id='line_1_24' title="bbox 248 3434 1650 3540; baseline 0.004 -31"><span class='ocrx_word' id='word_1_219' title='bbox 248 3449 367 3511; x_wconf 90' lang='lat' dir='ltr'><strong>nostra</strong></span> <span class='ocrx_word' id='word_1_220' title='bbox 394 3447 502 3527; x_wconf 92' lang='lat' dir='ltr'><strong>tenet,</strong></span> <span class='ocrx_word' id='word_1_221' title='bbox 528 3436 753 3540; x_wconf 88' lang='lat' dir='ltr'><strong>restituantur</strong></span> <span class='ocrx_word' id='word_1_222' title='bbox 775 3435 902 3527; x_wconf 90' lang='lat' dir='ltr'><strong>eidem,</strong></span> <span class='ocrx_word' id='word_1_223' title='bbox 927 3457 968 3508; x_wconf 92' lang='lat' dir='ltr'><strong>ea</strong></span> <span class='ocrx_word' id='word_1_224' title='bbox 983 3435 1113 3507; x_wconf 90' lang='lat' dir='ltr'><strong>scilicet</strong></span> <span class='ocrx_word' id='word_1_225' title='bbox 1128 3457 1197 3529; x_wconf 90' lang='lat' dir='ltr'><strong>que</strong></span> <span class='ocrx_word' id='word_1_226' title='bbox 1213 3434 1257 3507; x_wconf 90' lang='lat' dir='ltr'><strong>de</strong></span> <span class='ocrx_word' id='word_1_227' title='bbox 1271 3437 1349 3528; x_wconf 89' lang='lat' dir='ltr'><strong>jure</strong></span> <span class='ocrx_word' id='word_1_228' title='bbox 1363 3437 1494 3510; x_wconf 86' lang='lat' dir='ltr'><strong>debent</strong></span> <span class='ocrx_word' id='word_1_229' title='bbox 1507 3439 1650 3516; x_wconf 88' lang='lat' dir='ltr'><strong>habere.</strong></span> 
     </span>
     <span class='ocr_line' id='line_1_25' title="bbox 250 3559 1655 3656; baseline 0.004 -23"><span class='ocrx_word' id='word_1_230' title='bbox 250 3601 298 3618; x_wconf 91' lang='lat'>-</span> <span class='ocrx_word' id='word_1_231' title='bbox 321 3562 407 3635; x_wconf 93' lang='lat' dir='ltr'><strong>ltem</strong></span> <span class='ocrx_word' id='word_1_232' title='bbox 446 3561 627 3634; x_wconf 89' lang='lat' dir='ltr'><strong>statuimus</strong></span> <span class='ocrx_word' id='word_1_233' title='bbox 659 3571 699 3632; x_wconf 88' lang='lat' dir='ltr'><strong>ut</strong></span> <span class='ocrx_word' id='word_1_234' title='bbox 729 3561 890 3634; x_wconf 92' lang='lat' dir='ltr'><strong>omnibus</strong></span> <span class='ocrx_word' id='word_1_235' title='bbox 924 3560 1078 3633; x_wconf 88' lang='lat' dir='ltr'><strong>ecclesiis</strong></span> <span class='ocrx_word' id='word_1_236' title='bbox 1105 3568 1140 3631; x_wconf 91' lang='lat' dir='ltr'><strong>et</strong></span> <span class='ocrx_word' id='word_1_237' title='bbox 1169 3559 1330 3634; x_wconf 91' lang='lat' dir='ltr'><strong>domibus</strong></span> <span class='ocrx_word' id='word_1_238' title='bbox 1360 3564 1527 3656; x_wconf 78' lang='lat' dir='ltr'><strong>religiosis</strong></span> <span class='ocrx_word' id='word_1_239' title='bbox 1558 3568 1655 3638; x_wconf 92' lang='lat' dir='ltr'><strong>resti·</strong></span> 
     </span>
    </p>
   </div>
   <div class='ocr_carea' id='block_1_4' title="bbox 249 3683 1654 4776">
    <p class='ocr_par' dir='ltr' id='par_1_4' title="bbox 249 3683 1654 4776">
     <span class='ocr_line' id='line_1_26' title="bbox 251 3683 1654 3780; baseline 0.002 -20"><span class='ocrx_word' id='word_1_240' title='bbox 251 3697 392 3760; x_wconf 92' lang='lat' dir='ltr'><strong>tuantur</strong></span> <span class='ocrx_word' id='word_1_241' title='bbox 418 3688 497 3780; x_wconf 89' lang='lat' dir='ltr'><strong>jura</strong></span> <span class='ocrx_word' id='word_1_242' title='bbox 521 3706 639 3758; x_wconf 86' lang='lat' dir='ltr'><strong>aarum</strong></span> <span class='ocrx_word' id='word_1_243' title='bbox 663 3694 698 3757; x_wconf 85' lang='lat' dir='ltr'><strong>et</strong></span> <span class='ocrx_word' id='word_1_244' title='bbox 720 3685 895 3778; x_wconf 79' lang='lat' dir='ltr'><strong>gaudeant</strong></span> <span class='ocrx_word' id='word_1_245' title='bbox 914 3685 1014 3757; x_wconf 90' lang='lat' dir='ltr'><strong>solita</strong></span> <span class='ocrx_word' id='word_1_246' title='bbox 1039 3683 1210 3756; x_wconf 88' lang='lat' dir='ltr'><strong>libertate.</strong></span> <span class='ocrx_word' id='word_1_247' title='bbox 1233 3725 1283 3740; x_wconf 95' lang='lat'><em>-</em></span> <span class='ocrx_word' id='word_1_248' title='bbox 1303 3686 1389 3758; x_wconf 90' lang='lat' dir='ltr'><strong>ltem</strong></span> <span class='ocrx_word' id='word_1_249' title='bbox 1409 3689 1590 3762; x_wconf 90' lang='lat' dir='ltr'><strong>statuimus</strong></span> <span class='ocrx_word' id='word_1_250' title='bbox 1614 3701 1654 3764; x_wconf 94' lang='lat' dir='ltr'><strong>ut</strong></span> 
     </span>
     <span class='ocr_line' id='line_1_27' title="bbox 250 3808 1654 3904; baseline 0.001 -20"><span class='ocrx_word' id='word_1_251' title='bbox 250 3811 408 3886; x_wconf 90' lang='lat' dir='ltr'><strong>homines</strong></span> <span class='ocrx_word' id='word_1_252' title='bbox 439 3809 537 3902; x_wconf 91' lang='lat' dir='ltr'><strong>regni</strong></span> <span class='ocrx_word' id='word_1_253' title='bbox 569 3810 678 3882; x_wconf 89' lang='lat' dir='ltr'><strong>nostri</strong></span> <span class='ocrx_word' id='word_1_254' title='bbox 716 3808 785 3881; x_wconf 87' lang='lat' dir='ltr'><strong>sint</strong></span> <span class='ocrx_word' id='word_1_255' title='bbox 812 3808 912 3880; x_wconf 89' lang='lat' dir='ltr'><strong>liberi</strong></span> <span class='ocrx_word' id='word_1_256' title='bbox 942 3818 977 3880; x_wconf 91' lang='lat' dir='ltr'><strong>et</strong></span> <span class='ocrx_word' id='word_1_257' title='bbox 1005 3808 1158 3903; x_wconf 84' lang='lat' dir='ltr'><strong>exempti</strong></span> <span class='ocrx_word' id='word_1_258' title='bbox 1182 3808 1227 3880; x_wconf 91' lang='lat' dir='ltr'><strong>ab</strong></span> <span class='ocrx_word' id='word_1_259' title='bbox 1251 3810 1412 3882; x_wconf 91' lang='lat' dir='ltr'><strong>omnibus</strong></span> <span class='ocrx_word' id='word_1_260' title='bbox 1435 3813 1654 3904; x_wconf 78' lang='lat' dir='ltr'><strong>generalibus</strong></span> 
     </span>
     <span class='ocr_line' id='line_1_28' title="bbox 250 3930 1653 4028; baseline -0.001 -18"><span class='ocrx_word' id='word_1_261' title='bbox 250 3935 417 4027; x_wconf 89' lang='lat' dir='ltr'><strong>collectis,</strong></span> <span class='ocrx_word' id='word_1_262' title='bbox 437 3934 526 4007; x_wconf 87' lang='lat' dir='ltr'><strong>sicut</strong></span> <span class='ocrx_word' id='word_1_263' title='bbox 550 3943 807 4006; x_wconf 90' lang='lat' dir='ltr'><strong>consueverunt</strong></span> <span class='ocrx_word' id='word_1_264' title='bbox 830 3953 905 4005; x_wconf 91' lang='lat' dir='ltr'><strong>esse</strong></span> <span class='ocrx_word' id='word_1_265' title='bbox 926 3941 1080 4028; x_wconf 91' lang='lat' dir='ltr'><strong>tempore</strong></span> <span class='ocrx_word' id='word_1_266' title='bbox 1099 3931 1190 4025; x_wconf 87' lang='lat' dir='ltr'><strong>regis</strong></span> <span class='ocrx_word' id='word_1_267' title='bbox 1211 3930 1384 4005; x_wconf 88' lang='lat' dir='ltr'><strong>Guillelmi</strong></span> <span class='ocrx_word' id='word_1_268' title='bbox 1405 3934 1548 4007; x_wconf 90' lang='lat' dir='ltr'><strong>secundi</strong></span> <span class='ocrx_word' id='word_1_269' title='bbox 1569 3957 1653 4008; x_wconf 91' lang='lat' dir='ltr'><strong>con·</strong></span> 
     </span>
     <span class='ocr_line' id='line_1_29' title="bbox 250 4055 1653 4150; baseline -0.001 -16"><span class='ocrx_word' id='word_1_270' title='bbox 250 4059 381 4134; x_wconf 88' lang='lat' dir='ltr'><strong>sobrini</strong></span> <span class='ocrx_word' id='word_1_271' title='bbox 394 4059 517 4131; x_wconf 91' lang='lat' dir='ltr'><strong>nostri.</strong></span> <span class='ocrx_word' id='word_1_272' title='bbox 531 4097 582 4114; x_wconf 94' lang='lat'><em>-</em></span> <span class='ocrx_word' id='word_1_273' title='bbox 594 4059 678 4129; x_wconf 94' lang='lat' dir='ltr'><strong>ltem</strong></span> <span class='ocrx_word' id='word_1_274' title='bbox 696 4057 878 4130; x_wconf 91' lang='lat' dir='ltr'><strong>statuimus</strong></span> <span class='ocrx_word' id='word_1_275' title='bbox 894 4055 989 4150; x_wconf 91' lang='lat' dir='ltr'><strong>quod</strong></span> <span class='ocrx_word' id='word_1_276' title='bbox 1007 4055 1163 4147; x_wconf 91' lang='lat' dir='ltr'><strong>comites,</strong></span> <span class='ocrx_word' id='word_1_277' title='bbox 1182 4057 1331 4129; x_wconf 89' lang='lat' dir='ltr'><strong>barones</strong></span> <span class='ocrx_word' id='word_1_278' title='bbox 1349 4067 1383 4129; x_wconf 89' lang='lat' dir='ltr'><strong>et</strong></span> <span class='ocrx_word' id='word_1_279' title='bbox 1401 4057 1526 4130; x_wconf 91' lang='lat' dir='ltr'><strong>milites</strong></span> <span class='ocrx_word' id='word_1_280' title='bbox 1544 4068 1579 4131; x_wconf 89' lang='lat' dir='ltr'><strong>et</strong></span> <span class='ocrx_word' id='word_1_281' title='bbox 1594 4059 1653 4132; x_wconf 93' lang='lat' dir='ltr'><strong>alii</strong></span> 
     </span>
     <span class='ocr_line' id='line_1_30' title="bbox 249 4179 1653 4279; baseline 0.001 -24"><span class='ocrx_word' id='word_1_282' title='bbox 249 4182 468 4279; x_wconf 89' lang='lat' dir='ltr'><strong>pheudatarii</strong></span> <span class='ocrx_word' id='word_1_283' title='bbox 489 4181 587 4275; x_wconf 83' lang='lat' dir='ltr'><strong>regni</strong></span> <span class='ocrx_word' id='word_1_284' title='bbox 607 4181 783 4275; x_wconf 85' lang='lat' dir='ltr'><strong>gaudeant</strong></span> <span class='ocrx_word' id='word_1_285' title='bbox 799 4179 937 4273; x_wconf 88' lang='lat' dir='ltr'><strong>juribus</strong></span> <span class='ocrx_word' id='word_1_286' title='bbox 953 4180 1023 4251; x_wconf 88' lang='lat' dir='ltr'><strong>suis</strong></span> <span class='ocrx_word' id='word_1_287' title='bbox 1039 4189 1075 4252; x_wconf 92' lang='lat' dir='ltr'><strong>et</strong></span> <span class='ocrx_word' id='word_1_288' title='bbox 1089 4180 1281 4252; x_wconf 89' lang='lat' dir='ltr'><strong>rationibus</strong></span> <span class='ocrx_word' id='word_1_289' title='bbox 1297 4180 1456 4253; x_wconf 92' lang='lat' dir='ltr'><strong>omnibns</strong></span> <span class='ocrx_word' id='word_1_290' title='bbox 1477 4203 1545 4275; x_wconf 88' lang='lat' dir='ltr'><strong>que</strong></span> <span class='ocrx_word' id='word_1_291' title='bbox 1569 4205 1653 4256; x_wconf 90' lang='lat' dir='ltr'><strong>con-</strong></span> 
     </span>
     <span class='ocr_line' id='line_1_31' title="bbox 249 4302 1652 4400; baseline -0.001 -19"><span class='ocrx_word' id='word_1_292' title='bbox 249 4317 437 4380; x_wconf 88' lang='lat' dir='ltr'><strong>sueverunt</strong></span> <span class='ocrx_word' id='word_1_293' title='bbox 461 4306 592 4378; x_wconf 88' lang='lat' dir='ltr'><strong>habere</strong></span> <span class='ocrx_word' id='word_1_294' title='bbox 619 4315 775 4400; x_wconf 87' lang='lat' dir='ltr'><strong>tempore</strong></span> <span class='ocrx_word' id='word_1_295' title='bbox 798 4303 889 4397; x_wconf 87' lang='lat' dir='ltr'><strong>regis</strong></span> <span class='ocrx_word' id='word_1_296' title='bbox 915 4302 1088 4374; x_wconf 88' lang='lat' dir='ltr'><strong>Guillelmi</strong></span> <span class='ocrx_word' id='word_1_297' title='bbox 1111 4303 1145 4374; x_wconf 97' lang='lat' dir='ltr'><strong>in</strong></span> <span class='ocrx_word' id='word_1_298' title='bbox 1167 4303 1319 4375; x_wconf 88' lang='lat' dir='ltr'><strong>collectis</strong></span> <span class='ocrx_word' id='word_1_299' title='bbox 1342 4315 1377 4376; x_wconf 87' lang='lat' dir='ltr'><strong>et</strong></span> <span class='ocrx_word' id='word_1_300' title='bbox 1399 4304 1486 4376; x_wconf 89' lang='lat' dir='ltr'><strong>aliis.</strong></span> <span class='ocrx_word' id='word_1_301' title='bbox 1503 4345 1551 4358; x_wconf 94' lang='lat'>—</span> <span class='ocrx_word' id='word_1_302' title='bbox 1567 4308 1652 4379; x_wconf 91' lang='lat' dir='ltr'><strong>ltem</strong></span> 
     </span>
     <span class='ocr_line' id='line_1_32' title="bbox 250 4426 1652 4523; baseline 0.002 -21"><span class='ocrx_word' id='word_1_303' title='bbox 250 4430 431 4503; x_wconf 88' lang='lat' dir='ltr'><strong>statuimus</strong></span> <span class='ocrx_word' id='word_1_304' title='bbox 444 4438 484 4501; x_wconf 92' lang='lat' dir='ltr'><strong>ut</strong></span> <span class='ocrx_word' id='word_1_305' title='bbox 501 4427 645 4501; x_wconf 90' lang='lat' dir='ltr'><strong>ecclesie</strong></span> <span class='ocrx_word' id='word_1_306' title='bbox 660 4427 801 4499; x_wconf 88' lang='lat' dir='ltr'><strong>Luceria</strong></span> <span class='ocrx_word' id='word_1_307' title='bbox 818 4435 853 4498; x_wconf 93' lang='lat' dir='ltr'><strong>et</strong></span> <span class='ocrx_word' id='word_1_308' title='bbox 869 4427 953 4499; x_wconf 91' lang='lat' dir='ltr'><strong>Sore</strong></span> <span class='ocrx_word' id='word_1_309' title='bbox 968 4435 1003 4497; x_wconf 93' lang='lat' dir='ltr'><strong>et</strong></span> <span class='ocrx_word' id='word_1_310' title='bbox 1016 4426 1044 4498; x_wconf 91' lang='lat' dir='ltr'><strong>si</strong></span> <span class='ocrx_word' id='word_1_311' title='bbox 1059 4447 1127 4520; x_wconf 91' lang='lat' dir='ltr'><strong>que</strong></span> <span class='ocrx_word' id='word_1_312' title='bbox 1140 4426 1207 4498; x_wconf 91' lang='lat' dir='ltr'><strong>alie</strong></span> <span class='ocrx_word' id='word_1_313' title='bbox 1223 4428 1294 4499; x_wconf 89' lang='lat' dir='ltr'><strong>less</strong></span> <span class='ocrx_word' id='word_1_314' title='bbox 1311 4437 1393 4499; x_wconf 93' lang='lat' dir='ltr'><strong>sunt</strong></span> <span class='ocrx_word' id='word_1_315' title='bbox 1410 4449 1473 4523; x_wconf 91' lang='lat' dir='ltr'><strong>per</strong></span> <span class='ocrx_word' id='word_1_316' title='bbox 1488 4429 1652 4505; x_wconf 90' lang='lat' dir='ltr'><strong>officiales</strong></span> 
     </span>
     <span class='ocr_line' id='line_1_33' title="bbox 250 4551 1652 4646; baseline 0.001 -20"><span class='ocrx_word' id='word_1_317' title='bbox 250 4565 398 4646; x_wconf 88' lang='lat' dir='ltr'><strong>nostros,</strong></span> <span class='ocrx_word' id='word_1_318' title='bbox 425 4552 622 4627; x_wconf 84' lang='lat' dir='ltr'><strong>reficiantur</strong></span> <span class='ocrx_word' id='word_1_319' title='bbox 647 4563 682 4624; x_wconf 91' lang='lat' dir='ltr'><strong>et</strong></span> <span class='ocrx_word' id='word_1_320' title='bbox 708 4552 945 4624; x_wconf 90' lang='lat' dir='ltr'><strong>restituantur.</strong></span> <span class='ocrx_word' id='word_1_321' title='bbox 967 4593 1009 4605; x_wconf 94' lang='lat'><em>-</em></span> <span class='ocrx_word' id='word_1_322' title='bbox 1032 4552 1117 4622; x_wconf 90' lang='lat' dir='ltr'><strong>ltcm</strong></span> <span class='ocrx_word' id='word_1_323' title='bbox 1143 4551 1325 4624; x_wconf 90' lang='lat' dir='ltr'><strong>statuimus</strong></span> <span class='ocrx_word' id='word_1_324' title='bbox 1349 4561 1388 4624; x_wconf 92' lang='lat' dir='ltr'><strong>ut</strong></span> <span class='ocrx_word' id='word_1_325' title='bbox 1404 4561 1475 4624; x_wconf 93' lang='lat' dir='ltr'><strong>tota</strong></span> <span class='ocrx_word' id='word_1_326' title='bbox 1488 4556 1652 4628; x_wconf 84' lang='lat' dir='ltr'><strong>massaria</strong></span> 
     </span>
     <span class='ocr_line' id='line_1_34' title="bbox 250 4673 1651 4776; baseline 0.002 -26"><span class='ocrx_word' id='word_1_327' title='bbox 250 4688 367 4750; x_wconf 89' lang='lat' dir='ltr'><strong>nostra</strong></span> <span class='ocrx_word' id='word_1_328' title='bbox 382 4700 489 4772; x_wconf 91' lang='lat' dir='ltr'><strong>quam</strong></span> <span class='ocrx_word' id='word_1_329' title='bbox 505 4677 674 4751; x_wconf 91' lang='lat' dir='ltr'><strong>habemus</strong></span> <span class='ocrx_word' id='word_1_330' title='bbox 689 4676 783 4771; x_wconf 91' lang='lat' dir='ltr'><strong>apud</strong></span> <span class='ocrx_word' id='word_1_331' title='bbox 800 4676 962 4747; x_wconf 91' lang='lat' dir='ltr'><strong>Sanctum</strong></span> <span class='ocrx_word' id='word_1_332' title='bbox 979 4674 1157 4748; x_wconf 92' lang='lat' dir='ltr'><strong>Nicolaum</strong></span> <span class='ocrx_word' id='word_1_333' title='bbox 1175 4676 1220 4747; x_wconf 89' lang='lat' dir='ltr'><strong>de</strong></span> <span class='ocrx_word' id='word_1_334' title='bbox 1233 4673 1359 4749; x_wconf 83' lang='lat' dir='ltr'><strong>Aufido</strong></span> <span class='ocrx_word' id='word_1_335' title='bbox 1379 4687 1415 4748; x_wconf 94' lang='lat' dir='ltr'><strong>et</strong></span> <span class='ocrx_word' id='word_1_336' title='bbox 1434 4698 1555 4752; x_wconf 90' lang='lat' dir='ltr'><strong>omnes</strong></span> <span class='ocrx_word' id='word_1_337' title='bbox 1569 4701 1651 4776; x_wconf 90' lang='lat' dir='ltr'><strong>pro·</strong></span> 
     </span>
    </p>
   </div>
   <div class='ocr_carea' id='block_1_5' title="bbox 0 0 2160 5908">
    <p class='ocr_par' dir='ltr' id='par_1_5' title="bbox 0 0 2160 5908">
     <span class='ocr_line' id='line_1_35' title="bbox 0 0 2160 5908; baseline 0 2"><span class='ocrx_word' id='word_1_338' title='bbox 0 0 2160 5908; x_wconf 95' lang='lat' dir='ltr'><strong> </strong></span> 
     </span>
    </p>
   </div>
  </div>
 </body>
</html>
