4310 5908
225 671 327 732 lanrcn
344 667 389 753 8.]
668 664 866 728 HISTORIA
890 662 1185 728 nichomediae.
1572 651 1631 712 '153

225 804 375 899 argenti,
392 813 502 876 ratam
513 803 665 896 gerimus
679 812 714 874 et
729 810 907 897 acceptam
923 799 988 895 (l).
1009 800 1066 873 Ad
1081 801 1181 892 cujus
1197 795 1246 868 rei
1259 791 1461 867 memoriam
1476 798 1511 862 et
1525 785 1631 860 stabi-

227 930 298 1000 lem
311 926 508 999 firmitatem
528 946 673 1022 presens
684 925 851 1020 scriptum
864 922 938 995 lieri
955 932 991 994 et
1007 920 1197 1014 majestatis
1212 926 1329 992 nostre
1347 914 1459 1008 sigillo
1468 909 1634 1005 jussimus

228 1050 449 1126 communiri.

276 1176 403 1248 Datum
430 1173 555 1266 Eogie,
586 1193 680 1245 annu
702 1157 893 1244 Dominice'
907 1167 1152 1242 incarnationis
1184 1163 1368 1238 millesimo
1395 1155 1635 1235 ducentesimo

227 1297 494 1394 quadragesimo
507 1317 619 1387 nonu,
633 1315 753 1368 mense
767 1291 938 1384 octobris,
955 1303 1078 1365 octaue
1094 1289 1304 1364 indictionis.

454 1604 1422 1626 mmm-ammo*

284 1875 417 1962 Petrus
435 1877 562 1962 Sancti
577 1878 731 1989 Georgii
750 1879 800 1961 ad
821 1879 955 1963 Velum
973 1880 1143 1962 Aureum
1159 1876 1379 1982 cardinalis,
1398 1874 1639 1986 Apostolicae
1723 1890 1786 1946 im

231 2007 341 2091 Sedis
358 2009 526 2121 legatus,
551 2038 755 2096 commune
780 2011 948 2097 Civitatis
966 2011 1093 2098 Novae
1112 2011 1185 2094 sub
1203 2010 1436 2121 protectione
1452 2007 1640 2092 Ecclesiae
1664 2053 1693 2096 a
1704 1943 1848 2095 Effice

230 2139 382 2249 recipit,
402 2142 533 2253 eisque
545 2143 655 2254 jura,
672 2147 837 2228 bonores
863 2156 900 2230 et
917 2145 1209 2230 consuetudines
1233 2142 1457 2250 confirmat,
1475 2141 1571 2225 dum
1599 2141 1638 2223 in

231 2269 415 2358 fidelitate
427 2275 615 2360 Ecclesiae
632 2276 875 2386 perstiterint.

315 2487 416 2568 (Edid.
433 2491 636 2569 Mnmnsorr,
651 2491 770 2553 Memor.
784 2509 860 2555 ruer.
876 2489 980 2556 ecicil.
996 2489 1027 2552 di
1044 2491 1141 2554 cuttu
1153 2491 1533 2572 N0m‚11b.111,p.rrr.)

283 2676 405 2750 Petrus
425 2677 647 2750 miseratione
670 2676 789 2751 divina
813 2678 929 2751 Sancti
941 2677 1080 2770 Georgii
1099 2676 1146 2750 ad
1162 2677 1287 2750 Velum
1300 2677 1454 2748 Aureum
1472 2675 1640 2751 ffiaconm

233 2799 434 2890 cardinalis,
448 2800 647 2896 Apostolice
661 2801 762 2874 Sedis
777 2802 925 2893 legatus,
940 2799 1075 2873 dilectis
1089 2799 1126 2870 iu
1144 2798 1278 2874 Christo
1295 2799 1471 2872 communi
1487 2800 1641 2874 Civitatis

233 2923 332 2996 Nove
347 2925 495 2997 salutem
512 2925 548 2997 in
562 2925 723 2998 Domino.
744 2925 965 2998 lnteudentes
983 2945 1168 3020 corporum
1187 2933 1223 2997 et
1238 2923 1431 2996 animamm
1447 2934 1641 3002 vestrarum

233 3058 381 3142 patemo
407 3048 522 3120 studio
550 3069 670 3121 curam
689 3047 819 3122 babere
848 3049 1031 3122 sollicitam
1056 3059 1097 3122 ut
1116 3047 1227 3142 adjuti
1252 3068 1347 3120 nexu
1369 3046 1466 3120 liliali
1489 3049 1642 3122 Ecclesia

234 3171 354 3243 matris
377 3171 612 3267 amplexibus,
635 3172 742 3268 ipsius
764 3173 910 3266 gratiam
933 3173 1037 3268 plene
1063 3171 1370 3264 consequaminiet
1385 3193 1563 3264 amorem,
1579 3196 1644 3248 vos

234 3295 416 3368 universos
430 3304 467 3367 et
480 3295 634 3388 singulos
650 3295 776 3368 affectu
793 3297 965 3369 benevolo
983 3295 1145 3392 prosequi
1161 3296 1323 3368 volumus
1341 3305 1376 3367 et
1398 3295 1517 3370 lavore
1532 3300 1642 3392 gratie

235 3414 407 3509 specialis,
428 3424 469 3486 ut
496 3423 591 3486 tauto
614 3413 779 3487 libentius
803 3413 894 3488 dicte
919 3414 1039 3490 matris
1064 3415 1291 3510 beneplacitis
1320 3413 1489 3488 adherere
1516 3418 1644 3491 curetis

169 3525 174 3538 ’
235 3549 367 3632 quanto
393 3538 615 3612 favorabilius
637 3537 752 3611 scietis
775 3537 886 3634 ipsam
910 3549 1025 3611 vestra
1046 3539 1228 3612 commoda
1253 3558 1472 3635 promovere.
1500 3541 1644 3638 Propter

236 3661 332 3756 quod
347 3683 411 3735 vos
427 3672 463 3734 et
480 3671 608 3734 terram
623 3672 774 3735 vestram
795 3661 1001 3758 recipientes
1019 3663 1084 3734 sub
1100 3661 1315 3759 protectione
1330 3662 1528 3759 Apostolice
1544 3667 1643 3740 Sedis

239 3799 274 3862 et
288 3798 427 3878 nostra,
440 3785 556 3859 omnia
566 3787 647 3879 jura
662 3795 795 3877 vestra,
812 3784 983 3878 honores,
1001 3809 1085 3858 usus
1099 3798 1135 3859 et
1152 3786 1421 3860 consuetudines
1435 3791 1643 3885 approbatas

1195 3983 1329 3994 ——u--fi-

274 4097 310 4171 (tt
328 4094 616 4167 branucmunster
630 4093 811 4164 Staicrmcrlr,
825 4112 854 4169 p.
868 4096 936 4166 ati,
950 4093 1138 4166 obligationem
1155 4093 1189 4152 de
1207 4110 1261 4168 qum
1277 4094 1322 4152 bic
1338 4095 1438 4153 mentio
1453 4095 1496 4168 fit,
1514 4113 1547 4154 er
1566 4098 1641 4156 Saul-

237 4194 310 4254 buclt
326 4195 357 4252 S.
377 4192 512 4252 lamberti
526 4193 643 4250 exuuii
654 4198 683 4249 st
694 4192 830 4250 inseruit:
849 4193 932 4249 «Nos
949 4191 1122 4249 bicinbardus
1136 4208 1226 4250 comes
1242 4191 1356 4263 Goritie,
1375 4194 1530 4266 capitaneus
1542 4196 1642 4269 Styrie,

238 4297 289 4348 etc
312 4329 468 4349 ......
487 4291 528 4348 Ex
549 4290 669 4361 iniuncto
693 4286 770 4346 nobis
791 4287 922 4362 imperiali
944 4289 1071 4346 mandato
1093 4289 1276 4362 capitaneatus
1294 4287 1380 4347 officio
1405 4290 1508 4365 Styrie,
1536 4292 1644 4352 domino

237 4387 391 4446 llermauno
404 4387 487 4444 nobili
500 4387 590 4446 comiti
603 4388 638 4445 de
651 4385 822 4444 Orteuburcb
835 4385 992 4448 auctoritate
1009 4385 1141 4458 imperiali
1155 4385 1279 4460 predium
1294 4387 1429 4458 provincie
1447 4388 1474 4444 iu
1493 4387 1643 4466 Gramlupp

238 4500 288 4557 pro
299 4484 418 4559 quadam
431 4499 537 4542 summa
550 4484 662 4558 pecunie
677 4483 865 4556 obligavimus,
878 4488 910 4538 ut
921 4481 1029 4540 domiuo
1042 4487 1134 4540 nostro
1148 4481 1269 4556 preclaro
1282 4482 1435 4556 imperatori
1448 4487 1556 4544 seruitia
1569 4487 1645 4545 exbi-

238 4581 302 4641 beat
314 4588 391 4657 matu
404 4589 431 4638 et
444 4589 556 4656 accepta
571 4623 579 4640 .
600 4623 608 4639 .
630 4582 748 4638 .1>atum
761 4581 796 4638 il
815 4580 918 4652 augusti
938 4581 974 4636 li.
985 4579 1034 4637 CC.
1044 4579 1142 4637 XLlX.
1157 4597 1171 4632 a
1186 4579 1357 4638 bieiuhardus
1375 4587 1469 4656 postea
1486 4585 1646 4657 capitaneus

238 4679 266 4737 in
278 4679 388 4738 nustria
400 4679 478 4736 mmul
489 4686 517 4737 et
528 4679 556 4736 in
568 4678 658 4754 Styria
669 4678 830 4747 nominatur,
844 4683 906 4752 post
916 4677 993 4734 ducis
1006 4678 1134 4734 beremae
1146 4676 1364 4750 resignationem.
1380 4679 1420 4737 Ci.
1435 4680 1645 4741 instrumentum

238 4778 273 4834 to
285 4775 398 4850 januarii
411 4779 491 4846 ⁴250,
506 4775 577 4849 apud
590 4777 719 4847 Euenus,
734 4773 849 4844 ibideru,
865 4791 892 4847 p.
908 4775 972 4833 227.
