<?xml version="1.0" encoding="UTF-8"?>
<!DOCTYPE html PUBLIC "-//W3C//DTD XHTML 1.0 Transitional//EN"
    "http://www.w3.org/TR/xhtml1/DTD/xhtml1-transitional.dtd">
<html xmlns="http://www.w3.org/1999/xhtml" xml:lang="en" lang="en">
 <head>
  <title>
</title>
<meta http-equiv="Content-Type" content="text/html;charset=utf-8" />
  <meta name='ocr-system' content='tesseract 3.04.00' />
  <meta name='ocr-capabilities' content='ocr_page ocr_carea ocr_par ocr_line ocrx_word'/>
</head>
<body>
  <div class='ocr_page' id='page_1' title='image "./historiadiploma00fredgoog/historiadiploma00fredgoog_0134.png"; bbox 0 0 4306 5914; ppageno 0'>
   <div class='ocr_carea' id='block_1_1' title="bbox 227 559 1191 648">
    <p class='ocr_par' dir='ltr' id='par_1_1' title="bbox 227 559 1191 648">
     <span class='ocr_line' id='line_1_1' title="bbox 227 559 1191 648; baseline -0.011 -17"><span class='ocrx_word' id='word_1_1' title='bbox 227 569 390 648; x_wconf 54' lang='lat' dir='ltr'>nm]</span> <span class='ocrx_word' id='word_1_2' title='bbox 675 561 874 626; x_wconf 83' lang='lat' dir='ltr'>nrsronra</span> <span class='ocrx_word' id='word_1_3' title='bbox 898 559 1191 624; x_wconf 78' lang='lat' dir='ltr'>urrnouarrcn</span> 
     </span>
    </p>
   </div>
   <div class='ocr_carea' id='block_1_2' title="bbox 224 1105 1809 1628">
    <p class='ocr_par' dir='ltr' id='par_1_2' title="bbox 224 1105 1809 1628">
     <span class='ocr_line' id='line_1_2' title="bbox 281 1105 1809 1224; baseline -0.005 -28"><span class='ocrx_word' id='word_1_4' title='bbox 281 1113 509 1222; x_wconf 87' lang='lat' dir='ltr'>Fridericus,</span> <span class='ocrx_word' id='word_1_5' title='bbox 530 1116 789 1200; x_wconf 84' lang='lat' dir='ltr'>Romanorum</span> <span class='ocrx_word' id='word_1_6' title='bbox 808 1115 1028 1224; x_wconf 90' lang='lat' dir='ltr'>imperator,</span> <span class='ocrx_word' id='word_1_7' title='bbox 1044 1109 1348 1194; x_wconf 76' lang='lat' dir='ltr'>&#39;terdonensibus</span> <span class='ocrx_word' id='word_1_8' title='bbox 1361 1107 1536 1190; x_wconf 89' lang='lat' dir='ltr'>fidelibus</span> <span class='ocrx_word' id='word_1_9' title='bbox 1555 1105 1634 1189; x_wconf 91' lang='lat' dir='ltr'>suis</span> <span class='ocrx_word' id='word_1_10' title='bbox 1690 1117 1809 1216; x_wconf 54' lang='lat'>{3332</span> 
     </span>
     <span class='ocr_line' id='line_1_3' title="bbox 226 1241 1636 1333; baseline -0.005 -5"><span class='ocrx_word' id='word_1_11' title='bbox 226 1247 419 1330; x_wconf 83' lang='lat' dir='ltr'><strong>licentiam</strong></span> <span class='ocrx_word' id='word_1_12' title='bbox 443 1249 614 1333; x_wconf 87' lang='lat' dir='ltr'>concedit</span> <span class='ocrx_word' id='word_1_13' title='bbox 640 1247 803 1331; x_wconf 89' lang='lat' dir='ltr'>cudendi</span> <span class='ocrx_word' id='word_1_14' title='bbox 830 1270 968 1329; x_wconf 88' lang='lat' dir='ltr'>novam</span> <span class='ocrx_word' id='word_1_15' title='bbox 999 1254 1189 1328; x_wconf 88' lang='lat' dir='ltr'>monetam</span> <span class='ocrx_word' id='word_1_16' title='bbox 1218 1243 1290 1326; x_wconf 88' lang='lat' dir='ltr'>sub</span> <span class='ocrx_word' id='word_1_17' title='bbox 1317 1268 1388 1325; x_wconf 92' lang='lat' dir='ltr'>suo</span> <span class='ocrx_word' id='word_1_18' title='bbox 1414 1241 1569 1324; x_wconf 89' lang='lat' dir='ltr'>nomine</span> <span class='ocrx_word' id='word_1_19' title='bbox 1597 1249 1636 1322; x_wconf 90' lang='lat' dir='ltr'>et</span> 
     </span>
     <span class='ocr_line' id='line_1_4' title="bbox 227 1373 1632 1491; baseline -0.005 -30"><span class='ocrx_word' id='word_1_20' title='bbox 227 1407 298 1462; x_wconf 90' lang='lat' dir='ltr'>sua</span> <span class='ocrx_word' id='word_1_21' title='bbox 330 1381 497 1488; x_wconf 80' lang='lat' dir='ltr'>imagine</span> <span class='ocrx_word' id='word_1_22' title='bbox 529 1407 754 1491; x_wconf 78' lang='lat' dir='ltr'>percursam,</span> <span class='ocrx_word' id='word_1_23' title='bbox 784 1405 883 1491; x_wconf 89' lang='lat' dir='ltr'>quae</span> <span class='ocrx_word' id='word_1_24' title='bbox 908 1378 1110 1490; x_wconf 80' lang='lat' dir='ltr'>recipiatur</span> <span class='ocrx_word' id='word_1_25' title='bbox 1133 1376 1315 1484; x_wconf 86' lang='lat' dir='ltr'><strong>ubilibet,</strong></span> <span class='ocrx_word' id='word_1_26' title='bbox 1346 1379 1444 1458; x_wconf 91' lang='lat' dir='ltr'>sicut</span> <span class='ocrx_word' id='word_1_27' title='bbox 1470 1373 1632 1456; x_wconf 90' lang='lat' dir='ltr'>aliarum</span> 
     </span>
     <span class='ocr_line' id='line_1_5' title="bbox 224 1514 994 1628; baseline -0.003 -30"><span class='ocrx_word' id='word_1_28' title='bbox 224 1514 421 1599; x_wconf 87' lang='lat' dir='ltr'>civitatum</span> <span class='ocrx_word' id='word_1_29' title='bbox 441 1516 615 1628; x_wconf 81' lang='lat' dir='ltr'>Liguriae</span> <span class='ocrx_word' id='word_1_30' title='bbox 633 1525 785 1599; x_wconf 90' lang='lat' dir='ltr'>moneta</span> <span class='ocrx_word' id='word_1_31' title='bbox 803 1515 994 1624; x_wconf 83' lang='lat' dir='ltr'>recipitur.</span> 
     </span>
    </p>
   </div>
   <div class='ocr_carea' id='block_1_3' title="bbox 308 1739 1520 1822">
    <p class='ocr_par' dir='ltr' id='par_1_3' title="bbox 308 1739 1520 1822">
     <span class='ocr_line' id='line_1_6' title="bbox 308 1739 1520 1822; baseline -0.002 -19"><span class='ocrx_word' id='word_1_32' title='bbox 308 1742 405 1822; x_wconf 74' lang='lat' dir='ltr'>(uult.</span> <span class='ocrx_word' id='word_1_33' title='bbox 421 1759 470 1821; x_wconf 85' lang='lat' dir='ltr'>ap.</span> <span class='ocrx_word' id='word_1_34' title='bbox 486 1742 645 1822; x_wconf 76' lang='lat' dir='ltr'>Berraum,</span> <span class='ocrx_word' id='word_1_35' title='bbox 658 1741 804 1807; x_wconf 74' lang='lat' dir='ltr'>Antictitd</span> <span class='ocrx_word' id='word_1_36' title='bbox 817 1739 849 1804; x_wconf 79' lang='lat' dir='ltr'>dt</span> <span class='ocrx_word' id='word_1_37' title='bbox 865 1743 1001 1818; x_wconf 72' lang='lat' dir='ltr'>Tortores,</span> <span class='ocrx_word' id='word_1_38' title='bbox 1016 1759 1043 1822; x_wconf 88' lang='lat' dir='ltr'>p.</span> <span class='ocrx_word' id='word_1_39' title='bbox 1060 1751 1129 1805; x_wconf 73' lang='lat'>815.</span> <span class='ocrx_word' id='word_1_40' title='bbox 1144 1774 1183 1788; x_wconf 90' lang='lat'><em>-</em></span> <span class='ocrx_word' id='word_1_41' title='bbox 1195 1743 1338 1818; x_wconf 76' lang='lat' dir='ltr'>resona,</span> <span class='ocrx_word' id='word_1_42' title='bbox 1356 1749 1444 1820; x_wconf 77' lang='lat' dir='ltr'>taos,</span> <span class='ocrx_word' id='word_1_43' title='bbox 1460 1740 1520 1818; x_wconf 77' lang='lat'>⁴⁹.)</span> 
     </span>
    </p>
   </div>
   <div class='ocr_carea' id='block_1_4' title="bbox 221 1941 1636 4653">
    <p class='ocr_par' dir='ltr' id='par_1_4' title="bbox 221 1941 1636 4653">
     <span class='ocr_line' id='line_1_7' title="bbox 274 1941 1633 2018; baseline -0.001 -1"><span class='ocrx_word' id='word_1_44' title='bbox 274 1946 313 2017; x_wconf 93' lang='lat' dir='ltr'>ln</span> <span class='ocrx_word' id='word_1_45' title='bbox 340 1945 478 2018; x_wconf 92' lang='lat' dir='ltr'>nomine</span> <span class='ocrx_word' id='word_1_46' title='bbox 502 1953 620 2016; x_wconf 90' lang='lat' dir='ltr'>sancte</span> <span class='ocrx_word' id='word_1_47' title='bbox 646 1954 681 2016; x_wconf 89' lang='lat' dir='ltr'>et</span> <span class='ocrx_word' id='word_1_48' title='bbox 706 1943 886 2017; x_wconf 90' lang='lat' dir='ltr'>individue</span> <span class='ocrx_word' id='word_1_49' title='bbox 904 1944 1090 2017; x_wconf 80' lang='lat' dir='ltr'>Trinitatis.</span> <span class='ocrx_word' id='word_1_50' title='bbox 1110 1943 1295 2017; x_wconf 89' lang='lat' dir='ltr'>Fodericns</span> <span class='ocrx_word' id='word_1_51' title='bbox 1317 1943 1491 2014; x_wconf 87' lang='lat' dir='ltr'>socundus</span> <span class='ocrx_word' id='word_1_52' title='bbox 1514 1941 1633 2016; x_wconf 79' lang='lat' dir='ltr'>divina</span> 
     </span>
     <span class='ocr_line' id='line_1_8' title="bbox 225 2068 1636 2165; baseline -0.001 -25"><span class='ocrx_word' id='word_1_53' title='bbox 225 2069 368 2140; x_wconf 75' lang='lat' dir='ltr'>favento</span> <span class='ocrx_word' id='word_1_54' title='bbox 382 2069 566 2142; x_wconf 83' lang='lat' dir='ltr'>clementia</span> <span class='ocrx_word' id='word_1_55' title='bbox 584 2071 818 2142; x_wconf 85' lang='lat' dir='ltr'>Romanorum</span> <span class='ocrx_word' id='word_1_56' title='bbox 837 2070 1024 2165; x_wconf 88' lang='lat' dir='ltr'>imperator</span> <span class='ocrx_word' id='word_1_57' title='bbox 1039 2090 1177 2163; x_wconf 88' lang='lat' dir='ltr'>sempor</span> <span class='ocrx_word' id='word_1_58' title='bbox 1191 2077 1375 2160; x_wconf 82' lang='lat' dir='ltr'>augusms,</span> <span class='ocrx_word' id='word_1_59' title='bbox 1393 2068 1582 2140; x_wconf 83' lang='lat' dir='ltr'>Jerusalem</span> <span class='ocrx_word' id='word_1_60' title='bbox 1600 2077 1636 2139; x_wconf 89' lang='lat' dir='ltr'>et</span> 
     </span>
     <span class='ocr_line' id='line_1_9' title="bbox 222 2191 1636 2288; baseline -0.001 -24"><span class='ocrx_word' id='word_1_61' title='bbox 222 2191 342 2264; x_wconf 91' lang='lat' dir='ltr'>Sicilie</span> <span class='ocrx_word' id='word_1_62' title='bbox 358 2213 436 2264; x_wconf 86' lang='lat' dir='ltr'>rex.</span> <span class='ocrx_word' id='word_1_63' title='bbox 452 2193 556 2267; x_wconf 82' lang='lat' dir='ltr'>Iustis</span> <span class='ocrx_word' id='word_1_64' title='bbox 569 2191 723 2264; x_wconf 86' lang='lat' dir='ltr'>fidelium</span> <span class='ocrx_word' id='word_1_65' title='bbox 738 2203 936 2266; x_wconf 91' lang='lat' dir='ltr'>nostrorum</span> <span class='ocrx_word' id='word_1_66' title='bbox 950 2193 1174 2288; x_wconf 85' lang='lat' dir='ltr'>petitionibus</span> <span class='ocrx_word' id='word_1_67' title='bbox 1186 2191 1464 2265; x_wconf 88' lang='lat' dir='ltr'>condescendere</span> <span class='ocrx_word' id='word_1_68' title='bbox 1480 2191 1636 2284; x_wconf 77' lang='lat' dir='ltr'>cogimur</span> 
     </span>
     <span class='ocr_line' id='line_1_10' title="bbox 223 2309 1634 2412; baseline 0 -24"><span class='ocrx_word' id='word_1_69' title='bbox 223 2339 315 2411; x_wconf 86' lang='lat' dir='ltr'>quas</span> <span class='ocrx_word' id='word_1_70' title='bbox 340 2316 405 2388; x_wconf 90' lang='lat' dir='ltr'>uisi</span> <span class='ocrx_word' id='word_1_71' title='bbox 429 2317 666 2390; x_wconf 78' lang='lat' dir='ltr'>favorabiliter</span> <span class='ocrx_word' id='word_1_72' title='bbox 688 2317 906 2408; x_wconf 85' lang='lat' dir='ltr'>audiremus,</span> <span class='ocrx_word' id='word_1_73' title='bbox 929 2317 1098 2390; x_wconf 88' lang='lat' dir='ltr'>obaudire</span> <span class='ocrx_word' id='word_1_74' title='bbox 1122 2316 1217 2410; x_wconf 92' lang='lat' dir='ltr'>quod</span> <span class='ocrx_word' id='word_1_75' title='bbox 1239 2315 1368 2412; x_wconf 86' lang='lat' dir='ltr'>petitur</span> <span class='ocrx_word' id='word_1_76' title='bbox 1389 2309 1634 2411; x_wconf 82' lang='lat' dir='ltr'>perinjurium</span> 
     </span>
     <span class='ocr_line' id='line_1_11' title="bbox 222 2439 1636 2538; baseline 0 -24"><span class='ocrx_word' id='word_1_77' title='bbox 222 2441 439 2514; x_wconf 86' lang='lat' dir='ltr'>videremur.</span> <span class='ocrx_word' id='word_1_78' title='bbox 456 2443 523 2514; x_wconf 88' lang='lat' dir='ltr'>Per</span> <span class='ocrx_word' id='word_1_79' title='bbox 537 2463 680 2538; x_wconf 83' lang='lat' dir='ltr'>presens</span> <span class='ocrx_word' id='word_1_80' title='bbox 693 2442 809 2536; x_wconf 90' lang='lat' dir='ltr'>itaquo</span> <span class='ocrx_word' id='word_1_81' title='bbox 825 2441 1044 2536; x_wconf 88' lang='lat' dir='ltr'>privilegium</span> <span class='ocrx_word' id='word_1_82' title='bbox 1059 2451 1183 2514; x_wconf 87' lang='lat' dir='ltr'>nolum</span> <span class='ocrx_word' id='word_1_83' title='bbox 1196 2439 1271 2513; x_wconf 86' lang='lat' dir='ltr'>lieri</span> <span class='ocrx_word' id='word_1_84' title='bbox 1289 2441 1450 2512; x_wconf 88' lang='lat' dir='ltr'>volumus</span> <span class='ocrx_word' id='word_1_85' title='bbox 1466 2439 1636 2514; x_wconf 86' lang='lat' dir='ltr'>universis</span> 
     </span>
     <span class='ocr_line' id='line_1_12' title="bbox 222 2562 1635 2662; baseline 0 -24"><span class='ocrx_word' id='word_1_86' title='bbox 222 2566 353 2638; x_wconf 90' lang='lat' dir='ltr'>nostris</span> <span class='ocrx_word' id='word_1_87' title='bbox 374 2564 534 2638; x_wconf 82' lang='lat' dir='ltr'>fidelibus</span> <span class='ocrx_word' id='word_1_88' title='bbox 558 2576 626 2638; x_wconf 90' lang='lat' dir='ltr'>tam</span> <span class='ocrx_word' id='word_1_89' title='bbox 648 2566 866 2662; x_wconf 82' lang='lat' dir='ltr'>presentibus</span> <span class='ocrx_word' id='word_1_90' title='bbox 886 2586 991 2660; x_wconf 93' lang='lat' dir='ltr'>quam</span> <span class='ocrx_word' id='word_1_91' title='bbox 1012 2566 1136 2636; x_wconf 85' lang='lat' dir='ltr'>tuturis</span> <span class='ocrx_word' id='word_1_92' title='bbox 1150 2565 1246 2659; x_wconf 90' lang='lat' dir='ltr'>quod</span> <span class='ocrx_word' id='word_1_93' title='bbox 1261 2565 1500 2638; x_wconf 85' lang='lat' dir='ltr'>Terdonsnses</span> <span class='ocrx_word' id='word_1_94' title='bbox 1513 2562 1635 2638; x_wconf 81' lang='lat' dir='ltr'>fideles</span> 
     </span>
     <span class='ocr_line' id='line_1_13' title="bbox 221 2687 1633 2784; baseline 0.001 -24"><span class='ocrx_word' id='word_1_95' title='bbox 221 2689 336 2762; x_wconf 92' lang='lat' dir='ltr'>nostri</span> <span class='ocrx_word' id='word_1_96' title='bbox 362 2689 556 2761; x_wconf 91' lang='lat' dir='ltr'>celsitudini</span> <span class='ocrx_word' id='word_1_97' title='bbox 579 2701 697 2762; x_wconf 89' lang='lat' dir='ltr'>nostre</span> <span class='ocrx_word' id='word_1_98' title='bbox 719 2688 885 2761; x_wconf 88' lang='lat' dir='ltr'>attentius</span> <span class='ocrx_word' id='word_1_99' title='bbox 907 2689 1146 2784; x_wconf 89' lang='lat' dir='ltr'>supplicarunt</span> <span class='ocrx_word' id='word_1_100' title='bbox 1164 2698 1204 2760; x_wconf 94' lang='lat' dir='ltr'>ut</span> <span class='ocrx_word' id='word_1_101' title='bbox 1225 2687 1376 2760; x_wconf 90' lang='lat' dir='ltr'>cudendi</span> <span class='ocrx_word' id='word_1_102' title='bbox 1399 2697 1573 2761; x_wconf 89' lang='lat' dir='ltr'>monetam</span> <span class='ocrx_word' id='word_1_103' title='bbox 1597 2689 1633 2762; x_wconf 89' lang='lat' dir='ltr'>in</span> 
     </span>
     <span class='ocr_line' id='line_1_14' title="bbox 222 2811 1633 2907; baseline 0.001 -23"><span class='ocrx_word' id='word_1_104' title='bbox 222 2813 367 2886; x_wconf 88' lang='lat' dir='ltr'>civitate</span> <span class='ocrx_word' id='word_1_105' title='bbox 393 2813 605 2886; x_wconf 84' lang='lat' dir='ltr'>Terdonensi</span> <span class='ocrx_word' id='word_1_106' title='bbox 629 2814 676 2885; x_wconf 92' lang='lat' dir='ltr'>ad</span> <span class='ocrx_word' id='word_1_107' title='bbox 703 2813 871 2886; x_wconf 92' lang='lat' dir='ltr'>honorem</span> <span class='ocrx_word' id='word_1_108' title='bbox 899 2813 1009 2885; x_wconf 90' lang='lat' dir='ltr'>nostri</span> <span class='ocrx_word' id='word_1_109' title='bbox 1032 2813 1209 2904; x_wconf 90' lang='lat' dir='ltr'>culminis,</span> <span class='ocrx_word' id='word_1_110' title='bbox 1235 2822 1276 2884; x_wconf 91' lang='lat' dir='ltr'>ut</span> <span class='ocrx_word' id='word_1_111' title='bbox 1299 2811 1373 2907; x_wconf 88' lang='lat' dir='ltr'>ipsa</span> <span class='ocrx_word' id='word_1_112' title='bbox 1389 2823 1633 2886; x_wconf 88' lang='lat' dir='ltr'>novamonete</span> 
     </span>
     <span class='ocr_line' id='line_1_15' title="bbox 224 2936 1634 3030; baseline 0.002 -21"><span class='ocrx_word' id='word_1_113' title='bbox 224 2940 338 3011; x_wconf 82' lang='lat' dir='ltr'>torma</span> <span class='ocrx_word' id='word_1_114' title='bbox 354 2938 463 3010; x_wconf 86' lang='lat' dir='ltr'>nostri</span> <span class='ocrx_word' id='word_1_115' title='bbox 473 2938 675 3010; x_wconf 85' lang='lat' dir='ltr'>memoriam</span> <span class='ocrx_word' id='word_1_116' title='bbox 690 2936 840 3010; x_wconf 89' lang='lat' dir='ltr'>nominis</span> <span class='ocrx_word' id='word_1_117' title='bbox 857 2946 893 3009; x_wconf 90' lang='lat' dir='ltr'>et</span> <span class='ocrx_word' id='word_1_118' title='bbox 908 2947 1025 3010; x_wconf 86' lang='lat' dir='ltr'>nostre</span> <span class='ocrx_word' id='word_1_119' title='bbox 1040 2937 1228 3030; x_wconf 78' lang='lat' dir='ltr'>maJostatis</span> <span class='ocrx_word' id='word_1_120' title='bbox 1243 2937 1429 3029; x_wconf 81' lang='lat' dir='ltr'>imaginem</span> <span class='ocrx_word' id='word_1_121' title='bbox 1443 2937 1492 3009; x_wconf 90' lang='lat' dir='ltr'>eis</span> <span class='ocrx_word' id='word_1_122' title='bbox 1502 2937 1634 3030; x_wconf 87' lang='lat' dir='ltr'>jugiter</span> 
     </span>
     <span class='ocr_line' id='line_1_16' title="bbox 224 3061 1634 3158; baseline 0.001 -24"><span class='ocrx_word' id='word_1_123' title='bbox 224 3072 461 3158; x_wconf 86' lang='lat' dir='ltr'>representet,</span> <span class='ocrx_word' id='word_1_124' title='bbox 481 3061 673 3135; x_wconf 88' lang='lat' dir='ltr'>concedere</span> <span class='ocrx_word' id='word_1_125' title='bbox 703 3061 768 3132; x_wconf 91' lang='lat' dir='ltr'>sibi</span> <span class='ocrx_word' id='word_1_126' title='bbox 800 3061 974 3134; x_wconf 87' lang='lat' dir='ltr'>licentiam</span> <span class='ocrx_word' id='word_1_127' title='bbox 1005 3061 1239 3153; x_wconf 83' lang='lat' dir='ltr'>dignaremur.</span> <span class='ocrx_word' id='word_1_128' title='bbox 1267 3062 1337 3133; x_wconf 90' lang='lat' dir='ltr'>Nos</span> <span class='ocrx_word' id='word_1_129' title='bbox 1359 3071 1476 3134; x_wconf 87' lang='lat' dir='ltr'>autem</span> <span class='ocrx_word' id='word_1_130' title='bbox 1500 3070 1634 3136; x_wconf 89' lang='lat' dir='ltr'>rectum</span> 
     </span>
     <span class='ocr_line' id='line_1_17' title="bbox 223 3185 1635 3280; baseline 0.001 -21"><span class='ocrx_word' id='word_1_131' title='bbox 223 3188 340 3260; x_wconf 89' lang='lat' dir='ltr'>zelum</span> <span class='ocrx_word' id='word_1_132' title='bbox 355 3185 435 3258; x_wconf 85' lang='lat' dir='ltr'>fidei</span> <span class='ocrx_word' id='word_1_133' title='bbox 450 3195 485 3258; x_wconf 91' lang='lat' dir='ltr'>et</span> <span class='ocrx_word' id='word_1_134' title='bbox 495 3186 689 3259; x_wconf 90' lang='lat' dir='ltr'>devotionis</span> <span class='ocrx_word' id='word_1_135' title='bbox 702 3185 922 3257; x_wconf 88' lang='lat' dir='ltr'>attendentes</span> <span class='ocrx_word' id='word_1_136' title='bbox 936 3186 1103 3280; x_wconf 91' lang='lat' dir='ltr'>ipsorum,</span> <span class='ocrx_word' id='word_1_137' title='bbox 1114 3185 1370 3258; x_wconf 86' lang='lat' dir='ltr'>considerantes</span> <span class='ocrx_word' id='word_1_138' title='bbox 1384 3207 1522 3279; x_wconf 91' lang='lat' dir='ltr'>quoque</span> <span class='ocrx_word' id='word_1_139' title='bbox 1535 3196 1635 3280; x_wconf 88' lang='lat' dir='ltr'>grata</span> 
     </span>
     <span class='ocr_line' id='line_1_18' title="bbox 224 3309 1634 3406; baseline 0 -21"><span class='ocrx_word' id='word_1_140' title='bbox 224 3321 263 3384; x_wconf 91' lang='lat' dir='ltr'>et</span> <span class='ocrx_word' id='word_1_141' title='bbox 284 3321 428 3406; x_wconf 87' lang='lat' dir='ltr'>accepta</span> <span class='ocrx_word' id='word_1_142' title='bbox 454 3311 592 3382; x_wconf 87' lang='lat' dir='ltr'>servitia</span> <span class='ocrx_word' id='word_1_143' title='bbox 615 3331 683 3402; x_wconf 90' lang='lat' dir='ltr'>quo</span> <span class='ocrx_word' id='word_1_144' title='bbox 704 3310 808 3382; x_wconf 92' lang='lat' dir='ltr'>iidem</span> <span class='ocrx_word' id='word_1_145' title='bbox 833 3309 1004 3401; x_wconf 88' lang='lat' dir='ltr'>majestati</span> <span class='ocrx_word' id='word_1_146' title='bbox 1023 3319 1140 3382; x_wconf 89' lang='lat' dir='ltr'>nostre</span> <span class='ocrx_word' id='word_1_147' title='bbox 1159 3309 1394 3382; x_wconf 90' lang='lat' dir='ltr'>exbibuerunt</span> <span class='ocrx_word' id='word_1_148' title='bbox 1410 3309 1576 3385; x_wconf 90' lang='lat' dir='ltr'>hactenus</span> <span class='ocrx_word' id='word_1_149' title='bbox 1598 3322 1634 3384; x_wconf 91' lang='lat' dir='ltr'>et</span> 
     </span>
     <span class='ocr_line' id='line_1_19' title="bbox 224 3434 1632 3530; baseline 0.001 -22"><span class='ocrx_word' id='word_1_150' title='bbox 224 3434 395 3508; x_wconf 84' lang='lat' dir='ltr'>exhibere</span> <span class='ocrx_word' id='word_1_151' title='bbox 416 3444 580 3530; x_wconf 88' lang='lat' dir='ltr'>poterunt</span> <span class='ocrx_word' id='word_1_152' title='bbox 592 3434 628 3505; x_wconf 91' lang='lat' dir='ltr'>iu</span> <span class='ocrx_word' id='word_1_153' title='bbox 645 3443 749 3507; x_wconf 88' lang='lat' dir='ltr'>antea</span> <span class='ocrx_word' id='word_1_154' title='bbox 764 3434 934 3528; x_wconf 86' lang='lat' dir='ltr'>gratiora,</span> <span class='ocrx_word' id='word_1_155' title='bbox 959 3443 995 3507; x_wconf 88' lang='lat' dir='ltr'>et</span> <span class='ocrx_word' id='word_1_156' title='bbox 1010 3444 1048 3506; x_wconf 93' lang='lat' dir='ltr'>ut</span> <span class='ocrx_word' id='word_1_157' title='bbox 1069 3436 1233 3528; x_wconf 89' lang='lat' dir='ltr'>lrequeus</span> <span class='ocrx_word' id='word_1_158' title='bbox 1250 3434 1357 3530; x_wconf 91' lang='lat' dir='ltr'>ipsius</span> <span class='ocrx_word' id='word_1_159' title='bbox 1380 3457 1472 3509; x_wconf 87' lang='lat' dir='ltr'>nove</span> <span class='ocrx_word' id='word_1_160' title='bbox 1493 3435 1632 3510; x_wconf 88' lang='lat' dir='ltr'>monete</span> 
     </span>
     <span class='ocr_line' id='line_1_20' title="bbox 224 3557 1634 3656; baseline 0.004 -25"><span class='ocrx_word' id='word_1_161' title='bbox 224 3560 396 3656; x_wconf 90' lang='lat' dir='ltr'>inspectio</span> <span class='ocrx_word' id='word_1_162' title='bbox 418 3581 478 3633; x_wconf 89' lang='lat' dir='ltr'>eos</span> <span class='ocrx_word' id='word_1_163' title='bbox 497 3559 533 3632; x_wconf 88' lang='lat' dir='ltr'>io</span> <span class='ocrx_word' id='word_1_164' title='bbox 554 3557 623 3632; x_wconf 90' lang='lat' dir='ltr'>lide</span> <span class='ocrx_word' id='word_1_165' title='bbox 647 3568 683 3631; x_wconf 90' lang='lat' dir='ltr'>et</span> <span class='ocrx_word' id='word_1_166' title='bbox 704 3558 888 3631; x_wconf 86' lang='lat' dir='ltr'>dovotione</span> <span class='ocrx_word' id='word_1_167' title='bbox 913 3568 1031 3631; x_wconf 90' lang='lat' dir='ltr'>nostra</span> <span class='ocrx_word' id='word_1_168' title='bbox 1050 3559 1161 3652; x_wconf 88' lang='lat' dir='ltr'>magis</span> <span class='ocrx_word' id='word_1_169' title='bbox 1183 3581 1224 3631; x_wconf 89' lang='lat' dir='ltr'>ac</span> <span class='ocrx_word' id='word_1_170' title='bbox 1244 3560 1355 3652; x_wconf 88' lang='lat' dir='ltr'>magis</span> <span class='ocrx_word' id='word_1_171' title='bbox 1376 3562 1577 3636; x_wconf 90' lang='lat' dir='ltr'>corroboret</span> <span class='ocrx_word' id='word_1_172' title='bbox 1598 3574 1634 3636; x_wconf 87' lang='lat' dir='ltr'>ct</span> 
     </span>
     <span class='ocr_line' id='line_1_21' title="bbox 222 3663 1633 3779; baseline 0.003 -21"><span class='ocrx_word' id='word_1_173' title='bbox 222 3683 406 3774; x_wconf 88' lang='lat' dir='ltr'>accendat,</span> <span class='ocrx_word' id='word_1_174' title='bbox 426 3683 600 3757; x_wconf 88' lang='lat' dir='ltr'>licentiam</span> <span class='ocrx_word' id='word_1_175' title='bbox 616 3684 666 3756; x_wconf 90' lang='lat' dir='ltr'>ais</span> <span class='ocrx_word' id='word_1_176' title='bbox 683 3683 908 3757; x_wconf 88' lang='lat' dir='ltr'>concedimus</span> <span class='ocrx_word' id='word_1_177' title='bbox 922 3684 1150 3779; x_wconf 76' lang='lat' dir='ltr'>postulatam,</span> <span class='ocrx_word' id='word_1_178' title='bbox 1170 3663 1380 3779; x_wconf 86' lang='lat' dir='ltr'>presentium</span> <span class='ocrx_word' id='word_1_179' title='bbox 1400 3694 1518 3760; x_wconf 89' lang='lat' dir='ltr'>tenore</span> <span class='ocrx_word' id='word_1_180' title='bbox 1537 3710 1633 3762; x_wconf 89' lang='lat' dir='ltr'>man·</span> 
     </span>
     <span class='ocr_line' id='line_1_22' title="bbox 226 3807 1633 3908; baseline 0.003 -27"><span class='ocrx_word' id='word_1_181' title='bbox 226 3811 351 3882; x_wconf 88' lang='lat' dir='ltr'>dantes</span> <span class='ocrx_word' id='word_1_182' title='bbox 367 3818 406 3881; x_wconf 93' lang='lat' dir='ltr'>ut</span> <span class='ocrx_word' id='word_1_183' title='bbox 423 3809 497 3905; x_wconf 86' lang='lat' dir='ltr'>ipsa</span> <span class='ocrx_word' id='word_1_184' title='bbox 512 3819 652 3880; x_wconf 88' lang='lat' dir='ltr'>moneta</span> <span class='ocrx_word' id='word_1_185' title='bbox 670 3809 735 3879; x_wconf 91' lang='lat' dir='ltr'>sub</span> <span class='ocrx_word' id='word_1_186' title='bbox 751 3807 1022 3904; x_wconf 91' lang='lat' dir='ltr'>nostrinominis</span> <span class='ocrx_word' id='word_1_187' title='bbox 1038 3817 1074 3879; x_wconf 90' lang='lat' dir='ltr'>et</span> <span class='ocrx_word' id='word_1_188' title='bbox 1089 3807 1229 3881; x_wconf 89' lang='lat' dir='ltr'>honoris</span> <span class='ocrx_word' id='word_1_189' title='bbox 1244 3808 1465 3905; x_wconf 89' lang='lat' dir='ltr'>inscriptione</span> <span class='ocrx_word' id='word_1_190' title='bbox 1487 3833 1633 3908; x_wconf 89' lang='lat' dir='ltr'>percusa</span> 
     </span>
     <span class='ocr_line' id='line_1_23' title="bbox 227 3931 1633 4031; baseline 0.001 -24"><span class='ocrx_word' id='word_1_191' title='bbox 227 3945 263 4007; x_wconf 91' lang='lat' dir='ltr'>et</span> <span class='ocrx_word' id='word_1_192' title='bbox 278 3956 300 4006; x_wconf 91' lang='lat' dir='ltr'>a</span> <span class='ocrx_word' id='word_1_193' title='bbox 316 3933 474 4006; x_wconf 82' lang='lat' dir='ltr'>falsitatis</span> <span class='ocrx_word' id='word_1_194' title='bbox 490 3955 551 4005; x_wconf 93' lang='lat' dir='ltr'>seu</span> <span class='ocrx_word' id='word_1_195' title='bbox 571 3934 659 4005; x_wconf 90' lang='lat' dir='ltr'>mala</span> <span class='ocrx_word' id='word_1_196' title='bbox 676 3932 905 4028; x_wconf 87' lang='lat' dir='ltr'>corruptionis</span> <span class='ocrx_word' id='word_1_197' title='bbox 928 3931 1113 4025; x_wconf 88' lang='lat' dir='ltr'>cujuslibet</span> <span class='ocrx_word' id='word_1_198' title='bbox 1127 3931 1304 4004; x_wconf 79' lang='lat' dir='ltr'>fraudibus</span> <span class='ocrx_word' id='word_1_199' title='bbox 1320 3935 1432 4006; x_wconf 87' lang='lat' dir='ltr'>aliena</span> <span class='ocrx_word' id='word_1_200' title='bbox 1448 3935 1633 4031; x_wconf 88' lang='lat' dir='ltr'>recipiatur</span> 
     </span>
     <span class='ocr_line' id='line_1_24' title="bbox 227 4057 1630 4154; baseline 0.001 -22"><span class='ocrx_word' id='word_1_201' title='bbox 227 4070 263 4132; x_wconf 90' lang='lat' dir='ltr'>et</span> <span class='ocrx_word' id='word_1_202' title='bbox 278 4059 498 4154; x_wconf 86' lang='lat' dir='ltr'>expendatur</span> <span class='ocrx_word' id='word_1_203' title='bbox 512 4058 671 4147; x_wconf 88' lang='lat' dir='ltr'>ubilibet,</span> <span class='ocrx_word' id='word_1_204' title='bbox 692 4058 781 4129; x_wconf 89' lang='lat' dir='ltr'>sicut</span> <span class='ocrx_word' id='word_1_205' title='bbox 797 4057 961 4152; x_wconf 85' lang='lat' dir='ltr'>recipitur</span> <span class='ocrx_word' id='word_1_206' title='bbox 975 4057 1118 4128; x_wconf 86' lang='lat' dir='ltr'>aliarum</span> <span class='ocrx_word' id='word_1_207' title='bbox 1137 4069 1275 4129; x_wconf 88' lang='lat' dir='ltr'>moneta</span> <span class='ocrx_word' id='word_1_208' title='bbox 1289 4057 1424 4149; x_wconf 83' lang='lat' dir='ltr'>Liguris</span> <span class='ocrx_word' id='word_1_209' title='bbox 1438 4060 1630 4135; x_wconf 88' lang='lat' dir='ltr'>civitatum.</span> 
     </span>
     <span class='ocr_line' id='line_1_25' title="bbox 225 4181 1633 4279; baseline -0.001 -21"><span class='ocrx_word' id='word_1_210' title='bbox 225 4183 398 4258; x_wconf 86' lang='lat' dir='ltr'>Presentis</span> <span class='ocrx_word' id='word_1_211' title='bbox 421 4183 538 4276; x_wconf 89' lang='lat' dir='ltr'>itaque</span> <span class='ocrx_word' id='word_1_212' title='bbox 558 4182 726 4278; x_wconf 83' lang='lat' dir='ltr'>privilegii</span> <span class='ocrx_word' id='word_1_213' title='bbox 746 4181 949 4252; x_wconf 81' lang='lat' dir='ltr'>auctoritate</span> <span class='ocrx_word' id='word_1_214' title='bbox 970 4181 1176 4252; x_wconf 90' lang='lat' dir='ltr'>mandamns</span> <span class='ocrx_word' id='word_1_215' title='bbox 1192 4191 1364 4273; x_wconf 91' lang='lat' dir='ltr'>quatenus</span> <span class='ocrx_word' id='word_1_216' title='bbox 1378 4184 1495 4255; x_wconf 92' lang='lat' dir='ltr'>nullus</span> <span class='ocrx_word' id='word_1_217' title='bbox 1509 4185 1553 4256; x_wconf 84' lang='lat' dir='ltr'>sit</span> <span class='ocrx_word' id='word_1_218' title='bbox 1573 4186 1633 4279; x_wconf 91' lang='lat' dir='ltr'>qui</span> 
     </span>
     <span class='ocr_line' id='line_1_26' title="bbox 228 4304 1631 4404; baseline 0.001 -24"><span class='ocrx_word' id='word_1_219' title='bbox 228 4316 402 4381; x_wconf 88' lang='lat' dir='ltr'>monetam</span> <span class='ocrx_word' id='word_1_220' title='bbox 418 4305 574 4378; x_wconf 90' lang='lat' dir='ltr'>eamdem</span> <span class='ocrx_word' id='word_1_221' title='bbox 590 4306 624 4377; x_wconf 92' lang='lat' dir='ltr'>in</span> <span class='ocrx_word' id='word_1_222' title='bbox 639 4307 748 4379; x_wconf 85' lang='lat' dir='ltr'>lomna</span> <span class='ocrx_word' id='word_1_223' title='bbox 763 4304 918 4400; x_wconf 84' lang='lat' dir='ltr'>predicta</span> <span class='ocrx_word' id='word_1_224' title='bbox 934 4305 1104 4376; x_wconf 84' lang='lat' dir='ltr'>veraciter</span> <span class='ocrx_word' id='word_1_225' title='bbox 1118 4305 1319 4377; x_wconf 84' lang='lat' dir='ltr'>labricatam</span> <span class='ocrx_word' id='word_1_226' title='bbox 1336 4329 1495 4379; x_wconf 88' lang='lat' dir='ltr'>recusare</span> <span class='ocrx_word' id='word_1_227' title='bbox 1509 4331 1631 4404; x_wconf 90' lang='lat' dir='ltr'>presu-</span> 
     </span>
     <span class='ocr_line' id='line_1_27' title="bbox 225 4430 1630 4528; baseline 0.001 -23"><span class='ocrx_word' id='word_1_228' title='bbox 225 4443 309 4505; x_wconf 87' lang='lat' dir='ltr'>mat.</span> <span class='ocrx_word' id='word_1_229' title='bbox 329 4431 431 4519; x_wconf 88' lang='lat' dir='ltr'>Quod</span> <span class='ocrx_word' id='word_1_230' title='bbox 447 4431 507 4524; x_wconf 91' lang='lat' dir='ltr'>qui</span> <span class='ocrx_word' id='word_1_231' title='bbox 530 4430 777 4527; x_wconf 88' lang='lat' dir='ltr'>presumpserit</span> <span class='ocrx_word' id='word_1_232' title='bbox 797 4441 913 4525; x_wconf 90' lang='lat' dir='ltr'>proter</span> <span class='ocrx_word' id='word_1_233' title='bbox 934 4430 1206 4523; x_wconf 78' lang='lat' dir='ltr'>indignationem</span> <span class='ocrx_word' id='word_1_234' title='bbox 1226 4431 1335 4504; x_wconf 88' lang='lat' dir='ltr'>nostri</span> <span class='ocrx_word' id='word_1_235' title='bbox 1351 4432 1509 4506; x_wconf 88' lang='lat' dir='ltr'>culminis</span> <span class='ocrx_word' id='word_1_236' title='bbox 1525 4456 1630 4528; x_wconf 61' lang='lat' dir='ltr'>Qum</span> 
     </span>
     <span class='ocr_line' id='line_1_28' title="bbox 227 4555 1629 4653; baseline 0.003 -25"><span class='ocrx_word' id='word_1_237' title='bbox 227 4578 264 4628; x_wconf 92' lang='lat' dir='ltr'>se</span> <span class='ocrx_word' id='word_1_238' title='bbox 281 4555 419 4628; x_wconf 91' lang='lat' dir='ltr'>noverit</span> <span class='ocrx_word' id='word_1_239' title='bbox 439 4555 671 4646; x_wconf 85' lang='lat' dir='ltr'>incursurum,</span> <span class='ocrx_word' id='word_1_240' title='bbox 689 4555 782 4627; x_wconf 89' lang='lat' dir='ltr'>mille</span> <span class='ocrx_word' id='word_1_241' title='bbox 807 4575 941 4626; x_wconf 85' lang='lat' dir='ltr'>marcas</span> <span class='ocrx_word' id='word_1_242' title='bbox 958 4555 1092 4648; x_wconf 79' lang='lat' dir='ltr'>argenti</span> <span class='ocrx_word' id='word_1_243' title='bbox 1114 4576 1178 4651; x_wconf 89' lang='lat' dir='ltr'>pro</span> <span class='ocrx_word' id='word_1_244' title='bbox 1198 4576 1287 4651; x_wconf 90' lang='lat' dir='ltr'>pena</span> <span class='ocrx_word' id='word_1_245' title='bbox 1305 4578 1343 4628; x_wconf 89' lang='lat' dir='ltr'>se</span> <span class='ocrx_word' id='word_1_246' title='bbox 1359 4558 1629 4653; x_wconf 91' lang='lat' dir='ltr'>compositurum</span> 
     </span>
    </p>
   </div>
   <div class='ocr_carea' id='block_1_5' title="bbox 227 4664 1628 4868">
    <p class='ocr_par' dir='ltr' id='par_1_5' title="bbox 227 4664 1628 4868">
     <span class='ocr_line' id='line_1_29' title="bbox 227 4664 1628 4778; baseline 0.006 -26"><span class='ocrx_word' id='word_1_247' title='bbox 227 4690 429 4775; x_wconf 87' lang='lat' dir='ltr'>cognoscat,</span> <span class='ocrx_word' id='word_1_248' title='bbox 446 4680 631 4756; x_wconf 86' lang='lat' dir='ltr'>medietate</span> <span class='ocrx_word' id='word_1_249' title='bbox 649 4690 767 4754; x_wconf 86' lang='lat' dir='ltr'>nostra</span> <span class='ocrx_word' id='word_1_250' title='bbox 783 4701 939 4772; x_wconf 82' lang='lat' dir='ltr'>camere,</span> <span class='ocrx_word' id='word_1_251' title='bbox 955 4681 1088 4775; x_wconf 82' lang='lat' dir='ltr'>reliqua</span> <span class='ocrx_word' id='word_1_252' title='bbox 1103 4680 1213 4778; x_wconf 81' lang='lat' dir='ltr'>passis</span> <span class='ocrx_word' id='word_1_253' title='bbox 1228 4681 1389 4774; x_wconf 86' lang='lat' dir='ltr'>injuriam</span> <span class='ocrx_word' id='word_1_254' title='bbox 1407 4664 1628 4778; x_wconf 87' lang='lat' dir='ltr'>applicanda.</span> 
     </span>
     <span class='ocr_line' id='line_1_30' title="bbox 303 4803 1471 4868; baseline 0 0"><span class='ocrx_word' id='word_1_255' title='bbox 303 4803 357 4868; x_wconf 82' lang='lat' dir='ltr'>vt.</span> <span class='ocrx_word' id='word_1_256' title='bbox 380 4820 466 4866; x_wconf 77' lang='lat' dir='ltr'>ems</span> <span class='ocrx_word' id='word_1_257' title='bbox 1433 4817 1471 4868; x_wconf 75' lang='lat'>85</span> 
     </span>
    </p>
   </div>
   <div class='ocr_carea' id='block_1_6' title="bbox 0 0 2158 5910">
    <p class='ocr_par' dir='ltr' id='par_1_6' title="bbox 0 0 2158 5910">
     <span class='ocr_line' id='line_1_31' title="bbox 0 0 2158 5910; baseline 0 0"><span class='ocrx_word' id='word_1_258' title='bbox 0 0 2158 5910; x_wconf 95' lang='lat' dir='ltr'> </span> 
     </span>
    </p>
   </div>
  </div>
 </body>
</html>
