4318 5904
549 491 614 554 U
1105 487 1420 553 tnulvanfflttlt.

548 626 816 700 obumbratione
836 627 965 700 deduci
986 647 1170 720 quousque
1189 627 1454 724 superstitiones
1474 635 1511 696 et
1529 623 1616 696 vitia
1633 622 1878 712 seductorum,
1903 641 1973 716 que

546 749 679 822 diutius
705 749 911 822 lateranen
944 759 1128 846 poterant,
1160 750 1346 824 evidenter
1373 767 1587 842 oognosoere
1615 757 1819 844 potuerunt.
1851 747 1972 842 Nuper

544 885 663 946 autern
680 875 821 946 fortune
838 883 958 946 nostre
977 873 1174 970 proprietas
1190 871 1276 971 (que
1293 875 1383 947 solet
1399 873 1503 947 nobis
1522 873 1695 970 placidius
1712 869 1869 943 arridere
1885 869 1969 942 dum

544 1007 728 1092 provocat,
745 1006 782 1070 et
798 1018 862 1093 per
880 997 1063 1090 sequentia
1083 997 1183 1090 signa
1202 998 1342 1092 placere
1357 1007 1530 1090 gratatur,
1549 997 1656 1068 etiam
1680 1017 1760 1067 cum
1780 993 1966 1086 ingratitu-

542 1120 635 1192 dinis
652 1119 739 1194 vitio
757 1119 856 1215 quod
874 1117 1062 1218 promisit),
1081 1120 1342 1216 quantumlibet
1358 1120 1433 1193 visa
1451 1119 1497 1192 sit
1511 1117 1683 1191 hactenus
1703 1127 1841 1210 tergum
1866 1114 1966 1187 nobis

540 1243 731 1338 aliquando
745 1253 902 1334 vertere,
920 1243 1046 1316 faciem
1065 1252 1182 1315 lamen
1201 1241 1349 1316 hilarem
1359 1243 1624 1337 jucundamque
1637 1240 1861 1332 monstravit,
1880 1239 1962 1311 dum

539 1367 650 1460 major
676 1387 758 1464 pars
779 1365 947 1458 blarcbie,
978 1365 1043 1439 sed
1068 1367 1196 1440 Civitas
1220 1367 1319 1440 Nova
1342 1365 1395 1464 (l)
1412 1367 1578 1464 precipue
1604 1368 1702 1440 velut
1727 1363 1961 1458 antesignaria

537 1489 720 1586 prosiliens
744 1499 781 1562 et
805 1509 1001 1583 exurgens,
1026 1501 1272 1584 suggestorum
1299 1491 1448 1588 detectis
1473 1489 1655 1564 fraudibus
1678 1500 1715 1562 et
1738 1489 1797 1562 via
1821 1487 1958 1580 wgnita

536 1611 710 1706 veritatis,
728 1609 775 1684 ad
791 1609 874 1685 lidei
892 1621 1013 1687 nostre
1031 1616 1166 1687 cultum
1181 1617 1320 1688 noviter
1335 1615 1529 1689 redierunt.
1547 1617 1592 1688 Et
1606 1625 1644 1688 ut
1661 1613 1789 1687 erroris
1802 1611 1957 1709 preteriti

535 1735 660 1809 vitium
687 1736 829 1808 virtutis
855 1737 985 1833 placita
1007 1736 1239 1812 conversione
1264 1739 1498 1830 redimerent,
1525 1739 1572 1812 ad
1595 1736 1771 1812 fidelitatis
1799 1737 1956 1809 semitam

536 1859 651 1932 redire
664 1861 825 1932 nolentes
847 1860 1004 1952 inglorii,
1023 1861 1087 1934 sed
1108 1865 1323 1936 tumultuoso
1338 1863 1502 1936 oonffictu
1519 1863 1610 1936 lacte
1627 1883 1707 1936 oum
1728 1861 1903 1952 hostibus,
1920 1861 1955 1932 in

535 1981 672 2076 signum
686 1983 872 2078 reprobate
882 1981 1029 2080 perlidie
1039 1983 1122 2058 fidei
1131 2009 1195 2059 sue
1207 1989 1439 2060 onustandam
1452 1988 1603 2084 experiri
1613 1983 1815 2086 [volentes],
1827 1987 1955 2057 multos

535 2105 580 2178 de
600 2107 802 2181 melioribus
820 2109 1101 2182 Bononiensibus
1125 2120 1161 2183 et
1182 2112 1347 2184 Romanis
1367 2112 1514 2206 aliisque
1537 2109 1726 2183 rebellibus
1745 2124 1782 2181 et
1806 2109 1954 2181 cumeis

527 2231 681 2324 judicem
705 2233 909 2324 generalem
936 2229 988 2329 (a)
1007 2234 1179 2324 biarchie,
1200 2237 1358 2330 aliosque
1380 2239 1531 2309 famosos
1552 2237 1645 2308 viros
1669 2236 1779 2308 nostri
1802 2233 1952 2307 carceris

531 2355 678 2428 excidiis
699 2367 950 2448 aggregarunt.
968 2359 1112 2452 Exque
1132 2357 1258 2432 fiducia
1277 2359 1379 2432 nobis
1400 2369 1494 2432 certa
1511 2359 1734 2455 promittitur,
1758 2357 1857 2453 quod
1878 2365 1951 2428 tota

530 2480 708 2574 provincia
733 2479 992 2574 subsequenter
1015 2481 1062 2554 ad
1090 2479 1196 2554 lidem
1227 2484 1336 2556 nostri
1360 2483 1521 2556 culminis
1548 2482 1746 2572 reducetur,
1775 2481 1806 2552 si
1831 2491 1948 2552 tamen

529 2611 645 2696 partes
670 2603 764 2696 illas,
793 2611 833 2675 ut
863 2603 1053 2696 oredimus,
1082 2615 1246 2702 potenter
1274 2618 1311 2680 et
1340 2603 1523 2700 magnilica
1544 2617 1753 2702 repetamus.
1779 2605 1948 2677 Nolentes

529 2723 635 2818 igitur
651 2725 803 2800 oblatam
826 2725 926 2820 quasi
943 2727 1045 2800 nobis
1064 2727 1112 2800 ad
1134 2730 1276 2802 oculum
1300 2729 1347 2804 de
1371 2727 1522 2802 bostium
1543 2729 1806 2802 conculcatione
1833 2727 1942 2798 victo-

529 2847 615 2920 riam
649 2850 866 2942 negligenter
889 2849 1062 2941 abnuere,
1088 2873 1169 2944 vos,
1203 2875 1292 2946 quos
1317 2853 1477 2924 laborum
1509 2863 1704 2926 nostrorum
1732 2863 1770 2924 et
1795 2871 1941 2922 onerum

526 2983 689 3068 expertes
711 2993 788 3044 esse
814 2993 884 3046 non
908 2973 1070 3063 sinimus,
1100 2975 1147 3048 ad
1173 2976 1284 3070 ipsius
1309 2977 1456 3049 victorie
1479 2975 1697 3073 participium
1724 2973 1935 3060 invitamus,

525 3091 682 3168 fidelitati
699 3109 816 3169 vestre
832 3097 1038 3170 mandantes
1052 3111 1226 3194 quatenus
1240 3122 1286 3173 ex
1300 3121 1425 3196 sapore
1440 3123 1617 3173 rumorum
1635 3097 1850 3192 hujusmodi,
1866 3117 1936 3168 non

524 3217 636 3288 solum
650 3239 791 3290 causam
810 3219 944 3310 leticie,
962 3220 1024 3294 sed
1043 3223 1148 3294 robur
1162 3235 1198 3294 et
1211 3223 1347 3296 animos
1360 3235 1591 3314 assumentes,
1611 3244 1734 3295 omnes
1752 3232 1789 3293 et
1808 3217 1932 3312 singuli

522 3337 569 3410 ad
593 3339 854 3434 requisitionem
875 3343 1059 3435 justiciarii
1081 3345 1232 3437 regionis
1258 3347 1385 3442 ipsius,
1412 3369 1476 3419 vos
1498 3347 1603 3418 armis
1629 3355 1665 3417 et
1686 3345 1804 3437 equis,
1829 3350 1932 3439 prout

522 3459 799 3556 magnificentius
819 3487 1107 3562 unumquemque
1129 3467 1306 3560 decuerit,
1323 3471 1532 3565 preparetis,
1554 3469 1648 3540 utin
1675 3476 1787 3538 estate
1815 3465 1927 3536 futura

520 3605 600 3656 cum
617 3584 709 3659 tetici
722 3587 882 3662 exercitu
898 3601 1018 3664 nostro
1032 3589 1080 3664 ad
1095 3590 1321 3664 obtinendum
1338 3592 1382 3664 de
1399 3590 1548 3664 bostium
1562 3589 1788 3686 depressione
1806 3587 1924 3660 trium·

564 3783 605 3864 (a)
629 3784 796 3848 θαιιηὶοι
808 3791 839 3850 ln
852 3790 918 3850 cod.
935 3797 994 3852 tat
1008 3791 1102 3852 dent.

555 4105 592 4176 tt)
606 4101 644 4160 nr
654 4101 749 4162 litteris
761 4105 903 4164 cardinalia
917 4107 1041 4181 llaynerii
1054 4107 1231 4181 comperimus
1240 4111 1302 4164 ante
1316 4123 1436 4164 menoem
1449 4107 1549 4164 maium
1564 4108 1644 4176 tite,
1659 4103 1801 4161 Civitatem
1813 4105 1910 4160 Novam

516 4198 546 4256 in
559 4199 729 4272 imperatoris
744 4209 836 4274 partes
848 4217 878 4260 ne
891 4203 1066 4274 musenim
1081 4217 1149 4276 quse
1161 4201 1240 4259 datae
1254 4201 1361 4258 luerunt
1375 4203 1511 4272 mand,
1525 4202 1614 4258 idibus
1626 4201 1701 4270 maii,
1717 4215 1767 4272 pro
1779 4194 1907 4256 communi

514 4295 699 4353 nmttroeuri
716 4298 845 4356 adversm
867 4298 939 4355 cives
956 4299 1073 4356 civitais
1088 4299 1175 4354 Novae
1192 4305 1220 4355 et
1239 4297 1380 4355 Gibelinns
1391 4299 1545 4356 lorinsecus.
1561 4299 1601 4354 Cl.
1613 4297 1811 4364 Cursarem,
1828 4295 1903 4365 'btt-

515 4391 619 4460 reos,
629 4409 692 4465 perr
703 4395 723 4462 l,
740 4409 767 4467 p.
782 4397 843 4450 tel.
857 4395 1008 4466 benageni
1019 4395 1045 4450 in
1057 4395 1166 4450 Umor.
1178 4393 1210 4448 vlt
1225 4395 1322 4452 Oioita
1334 4397 1424 4464 Neon,
1436 4395 1545 4452 altenm
1559 4393 1701 4466 epistotam
1714 4391 1837 4462 ciendum
1849 4403 1901 4445 rar·

510 4485 608 4544 diutia
626 4495 769 4560 morat,
784 4490 873 4548 datam
889 4489 1251 4564 umnrjutittttmu
1268 4491 1351 4563 liquet
1368 4489 1546 4547 luncurbrm
1562 4487 1730 4544 animab
1749 4489 1900 4560 manue

508 4581 652 4642 delaciss:
669 4587 803 4642 nonenim
816 4591 878 4644 ante
891 4601 1008 4646 mensam
1022 4585 1192 4644 novembrun
1203 4586 1268 4642 anni
1283 4588 1352 4642 tata
1365 4587 1399 4644 ad
1412 4585 1492 4643 boun
1503 4585 1641 4642 aceensa
1653 4583 1746 4641 rediit.
