4352 5940
531 647 594 708 6⁰0
1029 646 1243 708 turbanter
1267 645 1443 707 sectxbt
1752 645 1833 724 [bxv.
1851 643 1938 706 lidss.

532 777 693 860 civitatis
709 776 829 886 ipsius
846 787 980 858 contra
996 789 1203 888 tyrannum
1221 792 1389 863 extrema
1407 777 1575 860 remedia
1599 776 1833 882 molientem,
1853 802 1938 858 cum

534 909 587 992 ibi
605 911 765 1018 pendeat
780 909 976 1020 potissime
993 909 1171 995 relevatio
1190 925 1311 995 status
1329 910 1472 994 ltaliae.

613 1125 716 1198 (Edld.
730 1125 827 1184 ann.
844 1124 950 1197 ΒΑΜ,
968 1121 1084 1184 collect.
1099 1143 1227 1184 mmm.
1241 1132 1297 1186 oet.
1312 1132 1470 1199 careant,
1483 1131 1508 1185 t.
1523 1125 1555 1197 l,
1567 1123 1642 1184 bull.
1656 1123 1802 1201 pontida,
1817 1142 1849 1201 p.
1868 1132 1940 1184 too·

656 1240 725 1304 tor,
737 1240 771 1290 n·
781 1229 845 1309 at.)

581 1419 803 1492 Innocentius
817 1411 1013 1514 episcopus,
1025 1441 1147 1491 servus
1158 1441 1339 1494 servorum
1353 1419 1431 1508 Dei,
1447 1418 1621 1514 potestati,
1640 1417 1783 1490 consilio
1797 1426 1833 1488 et
1846 1438 1939 1489 oom-

534 1543 631 1614 muni
660 1543 830 1615 brixiensi
862 1544 1010 1614 salutem
1040 1555 1076 1615 et
1103 1545 1329 1639 apostolicam
1360 1542 1662 1616 benedictionem:
1690 1539 1939 1613 Admirandum

535 1667 652 1740 divine
668 1667 805 1738 virtutis
820 1667 990 1738 auxilium
1005 1689 1076 1760 quo
1094 1690 1204 1763 nuper
1219 1679 1358 1740 caterva
1376 1665 1531 1740 fidelium
1552 1666 1647 1762 apud
1666 1666 1841 1738 civitatem
1857 1665 1940 1737 Par·

535 1813 689 1863 mensem
711 1791 756 1863 de
774 1791 947 1864 Friderioo
969 1790 1147 1883 quondam
1169 1791 1379 1886 imperatore
1399 1787 1582 1883 magnifice
1606 1789 1851 1885 triumphavit,
1869 1790 1941 1860 Deo

534 1937 598 2011 pro
615 1915 794 1988 catholicis
808 1925 928 1987 contra
947 1913 1098 2010 perfidos
1115 1915 1336 2006 confligente,
1351 1915 1388 1986 in
1405 1915 1553 1987 sublime
1567 1915 1672 1987 debet
1687 1913 1819 2006 erigere
1837 1913 1941 1986 corda

533 2050 649 2112 vestra
662 2050 700 2111 ut
715 2062 779 2135 pro
789 2039 1006 2131 jocunditate
1023 2039 1124 2111 vobis
1138 2039 1261 2111 celitus
1279 2039 1446 2110 influente
1461 2037 1695 2134 prorumpatis
1714 2035 1890 2109 humiliter
1904 2037 1940 2108 in

532 2163 721 2257 gratiarnm
736 2163 861 2235 uberes
874 2164 1039 2235 actiones.
1057 2163 1229 2234 Videntur
1241 2162 1412 2258 siquidem
1425 2163 1578 2235 breviari
1594 2163 1780 2234 miserante
1795 2151 1941 2232 Domino

534 2284 609 2356 dies
625 2285 706 2355 mali
722 2285 849 2378 quibus
865 2286 1094 2379 tranquillitas
1105 2285 1336 2358 ecclesiastice
1353 2296 1389 2357 et
1400 2285 1517 2358 ltalice
1530 2285 1699 2356 libertatis
1712 2305 1776 2378 per
1788 2283 1940 2378 iniquam

532 2409 763 2503 persecutoris
792 2411 924 2482 rabiem
951 2411 1142 2502 lacessitur,
1161 2421 1196 2482 et
1209 2410 1489 2507 appropinquare
1509 2410 1697 2482 desiderati
1719 2408 1848 2481 diutius
1867 2409 1941 2481 dies

532 2533 628 2628 pacis
641 2532 688 2605 ad
703 2555 808 2627 quam
826 2554 890 2604 vos
905 2555 994 2627 quos
1012 2557 1073 2628 pro
1090 2534 1281 2606 devocione
1290 2534 1668 2626 Ecclesie,delensione
1684 2533 1794 2627 patrie
1808 2554 1850 2606 ac
1862 2554 1939 2628 pro·

533 2657 682 2728 tectione
702 2655 856 2728 fidelium
871 2658 974 2750 longa
987 2658 1158 2731 bellorum
1175 2658 1353 2731 calamitas
1368 2658 1538 2752 fatigavit,
1556 2657 1646 2728 inter
1659 2667 1794 2728 ceteros
1808 2655 1941 2729 debetis

531 2780 711 2852 ardentius
737 2780 915 2852 anhelare.
942 2781 997 2853 Ad
1021 2781 1205 2854 ferendum
1234 2783 1339 2876 igitur
1365 2782 1501 2855 dilectis
1528 2780 1607 2852 filiis
1633 2779 1768 2851 civibus
1794 2778 1941 2851 civitatis

532 2903 640 2998 ipsius
655 2913 854 2999 pmmptum
873 2925 915 2976 ac
929 2901 1032 2976 fidele
1048 2906 1256 2998 subsidium,
1273 2907 1426 2979 excitare
1439 2928 1504 2978 vos
1519 2905 1625 2978 debet
1638 2903 1831 2976 communis
1848 2902 1941 2976 utili·

532 3038 585 3099 tas
599 3036 635 3100 et
648 3027 887 3122 privata,quia
898 3050 968 3100 non
981 3029 1094 3100 solum
1108 3031 1264 3101 omnium
1279 3031 1343 3102 sed
1358 3053 1463 3102 causa
1479 3030 1660 3102 manifeste
1672 3028 1819 3100 vertitur
1829 3029 1944 3118 singu-

532 3152 661 3240 lorum,
682 3172 763 3222 cum
782 3173 864 3246 erga
886 3174 949 3225 vos
970 3153 1126 3246 aliosque
1146 3152 1269 3226 fideles
1288 3155 1456 3247 maJ'orem
1477 3153 1699 3226 dilectionem
1723 3153 1827 3224 iidem
1849 3151 1942 3224 cives

530 3274 715 3346 ostendere
731 3276 965 3370 nequiverunt
981 3299 1087 3370 quam
1102 3277 1199 3372 quod
1216 3301 1281 3373 pro
1297 3279 1501 3352 liberatione
1522 3277 1698 3351 communi
1713 3277 1847 3349 animas
1862 3297 1941 3348 suas

531 3419 610 3469 cum
631 3421 765 3470 summa
786 3400 979 3492 requireret
1000 3401 1189 3475 necessitas
1211 3415 1447 3496 exponentes,
1466 3413 1662 3476 ceterorum
1684 3403 1792 3474 vitam
1808 3402 1853 3473 do
1869 3399 1939 3494 lupi

463 3551 469 3566 ·
532 3519 688 3594 lancibus
704 3533 915 3595 curaverunt
930 3524 1084 3595 eximere
1101 3547 1182 3597 cum
1197 3526 1353 3620 periculo
1369 3528 1439 3599 vite
1456 3549 1531 3599 sue.
1547 3527 1658 3612 Quam
1676 3526 1815 3599 sordida
1832 3523 1940 3618 turpi-

533 3642 662 3714 tudinis
685 3645 821 3716 macula
839 3653 875 3716 et
896 3667 1003 3738 quam
1022 3646 1164 3718 horrida
1183 3647 1446 3721 inhumanitatis
1468 3660 1551 3722 nota
1572 3649 1707 3721 fedaret
1727 3647 1787 3742 qui
1809 3657 1940 3718 tantum

409 3861 416 3876 Ι
533 3785 596 3860 per
609 3765 703 3861 ipsos
718 3769 962 3840 consolationis
975 3767 1185 3842 beneficium
1199 3783 1282 3845 sunt
1295 3773 1427 3869 adepti,
1443 3774 1473 3846 si
1488 3773 1692 3846 afflictiones
1706 3795 1826 3844 comm
1841 3770 1941 3844 dissi-

532 3891 684 3980 mulent,
703 3892 732 3964 si
750 3893 945 3986 angustias,
963 3894 992 3964 si
1008 3894 1163 3984 labores,
1180 3895 1210 3968 si
1230 3897 1275 3968 ad
1296 3919 1418 3970 eorum
1436 3919 1638 3970 succursum
1655 3895 1854 3969 omnimode
1871 3914 1939 3966 non

532 4023 728 4105 assurgant,
744 4015 774 4084 si
793 4015 919 4106 ignave
937 4019 1109 4111 torpeant,
1124 4017 1153 4089 si
1169 4019 1412 4091 miserabiliter
1429 4019 1667 4112 refrigescant,
1680 4039 1786 4090 nemo
1802 4017 1868 4088 nisi
1883 4013 1940 4108 qui

533 4137 660 4209 mentis
672 4139 774 4233 inops
787 4139 893 4210 luerit
910 4161 980 4212 non
998 4142 1166 4232 agnoscit.
1187 4143 1272 4215 eum
1289 4143 1408 4237 itaque
1425 4143 1460 4214 in
1477 4156 1669 4216 memorato
1691 4141 1866 4238 triumpho
1880 4141 1942 4212 do-

534 4259 648 4332 minus
661 4260 754 4333 Deus
768 4261 869 4335 nobis
883 4263 1076 4358 porrexerit
1091 4287 1234 4338 manum
1247 4288 1346 4339 suam
1360 4278 1397 4340 et
1405 4267 1562 4359 juvantis
1574 4290 1640 4340 nos
1658 4267 1775 4339 divine
1791 4263 1944 4360 potentio

534 4381 690 4456 debeatis
706 4384 856 4457 existere
873 4387 1068 4477 adjutores,
1089 4388 1242 4478 tiranno,
1260 4390 1350 4460 sicut
1364 4390 1426 4483 qui
1445 4391 1517 4482 agit
1534 4390 1571 4462 in
1590 4387 1841 4485 desperationis
1860 4385 1943 4456 arti·

534 4504 632 4594 culo,
651 4517 808 4577 extrema
823 4508 978 4579 remedia
993 4511 1176 4603 moliente,
1195 4511 1401 4606 prudentius
1418 4525 1471 4584 est
1487 4522 1523 4585 et
1539 4513 1698 4586 solertius
1717 4508 1942 4582 insistendum

535 4643 581 4696 ne
602 4624 711 4720 ipsius
733 4649 834 4702 casus
857 4641 1037 4726 reparetur
1051 4633 1086 4705 in
1105 4643 1231 4706 statum
1246 4634 1292 4706 ad
1309 4634 1498 4731 perniciem
1516 4636 1759 4733 plurimorum.
1777 4632 1945 4722 Quocirca

534 4747 796 4826 universitatem
815 4765 965 4829 vestram
980 4779 1159 4850 rogamus,
1184 4780 1366 4832 monemus
1380 4767 1416 4830 et
1429 4758 1624 4852 hortamur,
1641 4769 1772 4832 attente
1787 4777 1852 4852 per
1867 4774 1947 4850 apo-
