4318 5904
511 533 572 598 906
861 593 866 602 ,
1062 534 1373 599 aberrantum.

511 665 635 750 bellae
656 667 904 776 imperatricis
931 669 1073 752 sororis
1098 695 1191 753 suae
1215 670 1512 754 admemoriam
1534 641 1711 756 revocare
1740 673 1844 757 velit.
1864 674 1922 758 Dc

512 827 554 882 re
571 801 705 883 eadem
724 801 854 886 scribit
871 827 1024 914 quoque
1045 801 1156 886 Petro
1178 803 1226 886 de
1246 802 1364 886 Vinea
1385 812 1423 886 et
1440 803 1584 914 Eymae
1601 805 1650 888 de
1670 807 1864 915 Gumpeis.

595 1003 692 1084 (ildlt.
704 1023 753 1084 ap.
771 1007 890 1077 Runa,
904 1001 1042 1080 Foedera,
1057 1001 1118 1066 litt.
1133 1011 1162 1065 ct
1174 1011 1240 1066 acta
1250 1001 1380 1084 publica,
1398 1012 1420 1068 t.
1440 1007 1470 1084 l,
1486 1023 1516 1084 p
1534 1005 1619 1086 ²⁵⁰.)

564 1178 747 1279 [Henricus
763 1177 842 1278 rex]
856 1179 998 1252 domino
1016 1179 1216 1276 imperatori
1230 1182 1378 1252 salutem
1394 1190 1430 1252 et
1445 1180 1579 1253 sincere
1596 1180 1791 1255 dilectionis
1808 1182 1921 1256 incre·

514 1314 683 1376 mentum.
702 1303 869 1375 Solatium
887 1303 988 1376 nobis
1001 1304 1210 1377 arbitramur
1224 1313 1259 1375 et
1275 1305 1386 1377 levius
1402 1313 1545 1396 tangere
1558 1325 1622 1376 nos
1637 1305 1791 1396 videtur,
1800 1306 1831 1378 si
1839 1327 1922 1378 cau·

514 1449 571 1500 sas
591 1427 811 1501 adversitatis
832 1438 949 1500 nostre
970 1429 1147 1500 serenitati
1169 1439 1284 1500 vestre
1307 1428 1623 1521 communicamus;
1649 1438 1772 1524 utpote
1796 1430 1921 1523 quide

515 1549 771 1644 magnificentia
788 1561 903 1623 vestra
925 1551 1120 1647 specialiter
1138 1550 1345 1624 confidimus
1370 1553 1467 1646 quod
1492 1575 1539 1624 ex
1561 1553 1743 1626 allectione
1771 1554 1920 1626 lraterua

515 1675 616 1748 nobis
634 1677 784 1772 compati
807 1676 977 1749 debeatis.
1002 1675 1090 1746 lline
1106 1686 1159 1747 est
1182 1675 1278 1770 quod
1302 1675 1480 1748 serenitati
1505 1686 1621 1749 vestre
1641 1677 1801 1773 cupimus
1821 1677 1919 1750 inno·

479 1837 483 1844 ·
516 1770 771 1894 mscere'quod
797 1822 877 1872 cum
907 1821 1020 1895 nuper
1045 1821 1111 1872 nos
1136 1810 1172 1871 et
1195 1800 1238 1872 ll.
1267 1821 1384 1871 comes
1408 1799 1624 1872 Tholosanus
1645 1801 1921 1893 consanguineus

516 1933 635 1997 noster
652 1924 822 1997 internos
843 1924 943 1996 ledus
959 1923 1109 2018 speciale
1125 1923 1305 2013 iniremus,
1326 1933 1362 1995 et
1375 1923 1423 1994 ita
1436 1945 1591 1995 essemus
1606 1924 1653 1997 ad
1669 1923 1820 1997 invicem
1834 1945 1921 1996 con-

517 2047 664 2120 federati
693 2046 789 2140 quod
809 2046 897 2118 alter
916 2045 1065 2116 altemm
1090 2056 1211 2117 contra
1232 2067 1370 2117 omnem
1395 2044 1593 2136 hominem,
1620 2045 1720 2118 vobis
1748 2047 1920 2142 exceptis,

518 2171 598 2242 totis
613 2169 746 2242 viribus
761 2180 882 2242 mutuo
896 2171 1036 2263 juvaret
1053 2170 1100 2243 ad
1113 2169 1269 2242 inimicos
1285 2179 1423 2242 nostros
1440 2170 1639 2262 gravandus
1657 2179 1693 2243 et
1706 2171 1788 2264 jura
1807 2180 1922 2244 nostra

517 2297 748 2368 communiter
774 2296 1031 2391 recuperanda,
1058 2317 1125 2367 nec
1140 2318 1204 2369 nos
1221 2296 1295 2367 sine
1314 2295 1389 2392 ipso
1413 2307 1475 2367 aut
1495 2296 1569 2392 ipse
1588 2296 1662 2368 sine
1683 2297 1785 2368 nohis
1803 2319 1922 2393 pacem

518 2442 598 2492 cum
618 2442 698 2514 rege
714 2420 855 2492 Franeie
871 2430 932 2492 aut
949 2430 1106 2514 treugam
1121 2420 1286 2492 iniremus
1305 2449 1314 2492 :
1334 2420 1429 2514 quod
1448 2420 1588 2515 quidem
1612 2421 1740 2515 scripto
1756 2430 1793 2494 et
1809 2442 1920 2494 sacra·

518 2555 636 2617 mento
659 2545 773 2616 luerat
795 2545 885 2616 inter
903 2566 967 2617 nos
985 2545 1147 2637 utrinque
1173 2542 1364 2634 firmatum
1393 2543 1485 2616 idem
1510 2565 1647 2635 comes,
1671 2544 1756 2617 dum
1778 2546 1824 2618 de
1850 2546 1921 2640 ipso

519 2679 684 2764 tanquam
708 2669 753 2741 de
779 2669 880 2741 nobis
910 2669 992 2765 ipsis
1016 2667 1271 2742 confideremus
1295 2668 1391 2762 quod
1412 2667 1514 2740 nobis
1540 2670 1739 2741 nullatenus
1768 2669 1920 2754 deesset,

518 2794 618 2867 nobis
647 2794 851 2867 inconsultis
880 2805 941 2865 aut
963 2815 1026 2889 per
1059 2794 1172 2889 ipsum
1202 2814 1273 2864 non
1293 2792 1516 2888 premunitis‚
1555 2801 1721 2886 tanquam
1747 2793 1840 2865 lame
1864 2815 1922 2865 sue

518 2918 685 3016 prodigus
699 2929 735 2989 et
749 2919 931 2989 immemor
942 2917 1131 3011 juramenti
1146 2918 1248 2989 nobis
1261 2917 1409 3012 prestiti,
1421 2916 1515 2988 dicto
1527 2917 1602 3010 regi
1616 2918 1759 2989 Francia
1774 2917 1921 3006 adhesit,

519 3063 540 3114 a
558 3041 724 3116 fidelitate
739 3051 857 3115 nostra
873 3043 1011 3137 penitus
1032 3042 1212 3114 recedens.
1233 3043 1343 3135 Hujus
1361 3041 1412 3113 rei
1432 3051 1616 3130 eventum,
1635 3041 1726 3114 sicut
1746 3063 1812 3114 nec
1834 3043 1921 3115 sedi·

520 3165 649 3238 tionem
667 3165 768 3237 nobis
785 3166 912 3237 laetam
929 3187 951 3236 a
967 3165 1200 3261 proditoribus
1215 3167 1341 3238 nostris
1356 3163 1526 3256 Pictavie,
1548 3165 1763 3261 imperialem
1786 3164 1922 3236 celsitu·

520 3291 637 3362 dinem
653 3292 760 3362 latere
770 3292 933 3363 nolumus
947 3291 1037 3364 sieut
1049 3313 1117 3363 nec
1129 3293 1221 3363 velle
1235 3290 1431 3363 debuimus.
1445 3291 1516 3363 Nos
1527 3289 1670 3385 quidem
1683 3289 1922 3361 nichilominus

520 3435 652 3487 moram
675 3414 843 3486 trahimus
864 3414 1074 3510 inpartibus
1092 3415 1296 3506 Wasconie,
1315 3414 1462 3486 inimicis
1484 3413 1612 3486 nostris
1629 3413 1816 3506 gravandis
1838 3413 1923 3485 sicut

520 3559 705 3634 possumus
730 3537 928 3609 insistentes
950 3548 985 3609 et
1008 3539 1243 3610 reformationi
1263 3549 1373 3611 status
1397 3538 1506 3610 nostri
1531 3537 1765 3610 intendentes.
1790 3537 1923 3609 Placeat

521 3661 626 3754 igitur
643 3661 819 3734 serenitati
836 3670 950 3734 vestre
972 3672 1043 3734 tam
1070 3663 1116 3736 ad
1138 3685 1256 3735 casum
1281 3672 1479 3759 presentem
1502 3682 1608 3756 mam
1635 3661 1682 3734 ad
1708 3659 1923 3733 incommoda

521 3807 590 3879 que
612 3785 714 3858 nobis
729 3785 931 3858 acciderunt
948 3807 1012 3881 per
1026 3786 1188 3858 comitem
1206 3786 1358 3858 Maronia
1377 3795 1412 3857 et
1427 3785 1613 3881 complices
1626 3805 1724 3874 suos,
1743 3783 1923 3876 diligenter

521 3909 714 4005 respicere,
739 3918 775 3981 et
798 3909 834 3981 in
860 3909 961 3982 nobis
983 3910 1171 3982 voluntatis
1198 3919 1313 3982 vestre
1336 3907 1557 4004 beneplacito
1579 3907 1722 3980 omnino
1748 3905 1922 3978 submissis

521 4033 702 4105 consilinm
721 4054 911 4130 apponere,
931 4033 1026 4127 quod
1042 4033 1143 4105 vobis
1163 4033 1208 4106 ad
1223 4033 1368 4126 gloriam
1383 4043 1418 4104 et
1434 4032 1558 4122 nohis,
1569 4031 1626 4104 cui
1648 4031 1693 4104 de
1711 4031 1790 4124 jure
1803 4029 1923 4102 deesse

522 4179 592 4230 non
619 4157 771 4249 debetis,
800 4158 903 4231 cedat
929 4156 976 4229 ad
1006 4156 1188 4229 honorem.
1215 4157 1335 4230 Velitis
1362 4156 1466 4229 etiam
1490 4155 1598 4228 verba
1625 4155 1735 4226 felicis
1762 4153 1924 4226 memorie

522 4281 666 4354 lsahelle
689 4283 865 4376 quondam
885 4281 1110 4378 imperatricis
1132 4282 1300 4354 consortis
1317 4292 1447 4373 vestre,
1466 4279 1594 4353 sororis
1612 4290 1744 4370 nostre,
1761 4299 1830 4371 que
1847 4287 1924 4350 ante

522 4405 656 4477 obitum
668 4429 769 4479 snum
778 4428 842 4503 pro
852 4405 953 4478 nobis
964 4405 1085 4477 ultimo
1101 4405 1201 4478 vohis
1212 4405 1315 4495 dixit,
1325 4403 1582 4478 admemoriam
1592 4423 1756 4476 revocare
1771 4409 1807 4472 et
1822 4419 1923 4496 opera

524 4529 553 4600 si
577 4531 691 4624 placet
713 4531 918 4627 adimplere.
941 4529 1053 4625 Super
1071 4529 1138 4602 hiis
1158 4539 1194 4602 εῖ
1210 4531 1286 4602 aliis
1311 4528 1566 4624 beneplacitum
1590 4539 1744 4601 vestmm
1769 4523 1871 4597 nobis
1890 4522 1924 4593 in

524 4653 684 4725 omnibus
701 4655 836 4750 placere
852 4653 1089 4750 cupientibus,
1109 4653 1298 4726 rescribere
1314 4651 1517 4746 dignamini.
