4310 5908
239 617 340 704 unu.
356 643 402 724 ιι]
683 641 881 706 ιιιιιοιιιι
905 641 1202 706 nunnounnnos.
1590 637 1648 699 nen

238 777 313 873 Ray
325 798 416 849 uxor
429 797 510 869 sua,
527 777 646 850 Simon
663 788 700 849 el
710 775 887 874 Philippus
901 779 945 854 de
959 779 1120 852 Mendres
1131 829 1141 868 ,
1151 776 1314 850 Nicolaus
1330 774 1375 848 de
1385 775 1501 848 Monte
1516 785 1647 866 relaut,

239 901 404 973 hierenus
425 901 463 972 Li
482 901 660 994 justicies,
680 901 878 974 Gualterius
895 903 940 974 de
961 901 1084 992 sanes,
1106 901 1264 974 Limeson
1282 899 1326 972 ds
1349 899 1458 990 Toul,
1477 899 1651 1002 Gilbertus

238 1026 371 1116 socius,
390 1025 495 1100 Puleo
506 1025 551 1098 de
562 1027 710 1115 Banole,
728 1027 849 1097 Petrus
863 1026 908 1098 de
921 1025 1010 1098 Satri
1025 1037 1061 1097 el
1076 1045 1167 1096 uxor
1184 1044 1266 1114 sua,
1280 1023 1452 1095 Perronus
1468 1023 1512 1096 de
1523 1025 1650 1096 Sanolo

238 1148 408 1240 Martino,
425 1147 542 1221 Tiessa
561 1148 606 1222 de
624 1151 718 1223 Sanu
732 1202 743 1238 ,
759 1149 938 1245 Philippus
950 1149 1130 1246 Lipieays,
1147 1148 1315 1240 hogerius
1330 1148 1539 1239 himengies,
1559 1147 1649 1220 Tho·

240 1293 315 1344 mas
330 1272 368 1345 Li
384 1291 515 1362 oamer,
533 1272 701 1366 hogerius
719 1274 859 1346 Darbon
868 1325 879 1366 ,
896 1273 1012 1346 Yliers
1029 1274 1224 1370 Gyaurooy,
1241 1273 1363 1345 Pelrus
1377 1272 1542 1361 Talleror,
1557 1272 1650 1345 Guil-

238 1395 343 1468 lelma
359 1395 404 1468 de
427 1397 602 1486 lelando,
628 1397 805 1470 Bernanh
821 1397 914 1469 sooia
931 1419 1012 1488 sua,
1032 1397 1234 1469 Gullielmus
1249 1395 1368 1488 Acies,
1391 1395 1548 1489 Regnoni
1571 1396 1650 1468 Les·

239 1519 380 1612 ouidiei,
408 1521 584 1594 Gerendus
608 1519 728 1617 Bioey,
757 1521 961 1594 Guillelmus
985 1520 1030 1594 de
1047 1519 1198 1611 sordes,
1217 1520 1429 1616 Stephanus,
1447 1521 1650 1593 Guillelmus

239 1643 421 1736 Constans,
438 1645 597 1718 Andreas
610 1645 655 1718 de
668 1646 828 1737 sorbers,
842 1646 957 1718 Pervil
974 1647 1121 1718 famulus
1138 1647 1249 1735 navis,
1269 1645 1437 1718 Proseluit
1452 1643 1514 1740 (l),
1531 1645 1650 1717 Adane
1735 1636 1737 1643 ’

238 1767 284 1842 de
300 1769 445 1861 Hausis,
472 1770 564 1842 lteus
582 1769 811 1862 Limalasiex,
841 1770 1044 1842 lambertus
1060 1769 1105 1842 de
1121 1771 1255 1859 Heron,
1274 1769 1470 1841 Guallerius
1485 1767 1649 1841 Vidavai·

236 1913 323 1985 nes,
337 1893 426 1966 nida
439 1893 485 1966 tle
501 1895 610 1967 habui
629 1895 789 1987 Somale,
806 1893 982 1968 lohannes
998 1896 1173 1987 Sauvage,
1194 1892 1366 1966 lohannes
1379 1893 1527 1985 Rigons,
1546 1893 1648 1966 Oddo

238 2015 429 2109 decenne,
446 2020 600 2091 Drouans
615 2018 660 2092 de
675 2019 803 2109 Caulli,
817 2020 933 2091 lloher
944 2019 1090 2110 Alanus,
1106 2019 1309 2091 Guillelmus
1319 2017 1531 2090 etiladullus
1543 2017 1646 2108 soeii,

237 2142 411 2214 liebertus
428 2141 473 2216 de
489 2143 627 2240 Lihoyni
644 2145 800 2239 Moynet,
820 2143 945 2215 ltaeius
962 2145 1117 2234 Ernous,
1136 2143 1284 2233 Gilaius,
1302 2143 1423 2214 Petrus
1436 2143 1481 2213 de
1499 2143 1648 2238 Slampis

238 2275 277 2338 el
288 2287 381 2340 uxor
394 2268 489 2361 ejus,
507 2267 681 2341 Iohannes
694 2277 731 2339 el
742 2288 834 2339 uxor
845 2269 940 2360 ejus,
951 2267 1188 2358 Theobaldus,
1201 2266 1391 2358 Berardus,
1404 2267 1592 2338 Renandus
1603 2266 1647 2339 de

238 2390 374 2482 Lonuz,
392 2390 567 2465 lohannes
579 2390 972 2486 Stamperon,hliohael,
984 2389 1648 2480 Garinus,NeveloAuhinies,Peolinus

237 2513 376 2607 linget,
394 2514 588 2604 lloberlus,
603 2513 779 2588 lohannes
793 2525 828 2586 et
845 2513 1026 2587 Anoellina
1049 2515 1190 2604 iratres,
1206 2514 1409 2596 Guillelmus
1425 2515 1521 2586 Gene
1534 2567 1544 2604 ,
1558 2515 1648 2586 Lau·

237 2637 906 2734 muciuscbappe,10hannosdevita,
923 2637 1098 2712 lohannes
1115 2639 1227 2731 major
1242 2638 1287 2710 de
1303 2639 1528 2729 Daulemanl,
1543 2640 1648 2711 Fuloo

118 2755 122 2762 ’
238 2761 287 2835 de
301 2762 405 2835 Beele
421 2771 457 2835 el
471 2761 608 2836 Gilebel
630 2763 735 2854 socii,
752 2763 897 2858 Salipies
915 2784 994 2835 cum
1010 2783 1123 2836 uxore
1141 2763 1250 2840 Maria
1269 2761 1315 2836 de
1335 2763 1527 2855 Lusevina,
1545 2764 1648 2837 Falco

238 2885 286 2959 (le
304 2885 394 2959 Polis
407 2907 488 2958 eum
506 2906 640 2978 uxore,
662 2886 807 2981 ogerius
828 2896 864 2959 et
879 2887 991 2960 Floria
1014 2886 1121 2978 socii,
1140 2885 1308 2961 Radullus
1326 2886 1370 2959 de
1387 2888 1541 2984 Poylono
1568 2909 1648 2960 oum

237 3030 367 3100 uxore,
382 3009 565 3083 Naulinius
581 3010 625 3083 de
636 3010 836 3104 Chadegen,
851 3009 982 3083 Acharl
997 3011 1041 3083 de
1056 3010 1200 3102 Pollien,
1214 3010 1412 3106 Stephanus
1424 3013 1559 3104 Danse,
1574 3013 1649 3106 Ugo

237 3131 411 3224 Michael,
429 3135 633 3207 Guillelmus
648 3134 859 3225 Salvalieus,
876 3135 1020 3207 Baudan
1035 3135 1129 3208 Felia
1139 3187 1150 3228 ,
1162 3134 1370 3207 Hemandus
1389 3136 1433 3209 de
1449 3137 1565 3210 Gratia
1581 3159 1651 3210 ser·

237 3257 361 3347 niens,
380 3257 552 3331 oliverius
568 3258 613 3331 de
630 3259 797 3331 Terminis
814 3280 878 3354 pro
894 3269 1045 3354 quatuor
1060 3260 1219 3355 personis
1228 3312 1239 3350 ‚
1255 3260 1423 3352 hogerius
1435 3259 1600 3354 Anglious
1616 3273 1651 3334 et

238 3381 317 3474 ejus
328 3379 418 3468 filia,
437 3381 809 3479 Stephanusllenrious
819 3384 864 3455 de
876 3382 1019 3476 Alnelo,
1031 3384 1146 3457 lucios
1154 3384 1291 3475 Divers,
1303 3383 1460 3479 Philippa
1472 3406 1563 3458 uxor
1572 3407 1648 3477 sua,

239 3505 348 3578 Pasoa
370 3526 469 3578 soror
490 3526 568 3598 sua,
582 3507 769 3579 Beroianus
782 3507 902 3598 Garet,
921 3505 1095 3580 lohannes
1106 3507 1271 3580 Gaoniers
1282 3507 1327 3581 de
1339 3510 1462 3598 Lusel,
1479 3509 1652 3583 Gerendus

239 3629 287 3702 Ie
302 3629 413 3721 lieet,
438 3631 584 3724 Ogeiius
604 3630 649 3703 de
670 3631 863 3723 Cluabines,
880 3631 1009 3722 Pavia,
1027 3633 1149 3704 Petrus
1163 3631 1402 3722 Barbilonsor,
1418 3633 1591 3706 lohannes
1607 3635 1652 3706 de

240 3752 342 3844 Sale,
371 3754 548 3827 llenaldus
572 3754 800 3850 Livaygnies‚
829 3755 1044 3828 Clemeneius
1068 3754 1113 3828 de
1138 3756 1276 3846 Brevol,
1298 3756 1480 3828 Viceneius
1496 3757 1541 3830 de
1562 3757 1653 3830 Cari·

241 3897 352 3952 noeuo
366 3887 401 3950 el
413 3898 506 3950 uxor
523 3899 606 3972 sua,
624 3877 802 3974 Philippus
816 3878 861 3952 de
874 3880 1030 3951 Gemollo
1048 3876 1145 3976 (sic),
1164 3877 1313 3951 Thomas
1328 3879 1373 3951 de
1384 3881 1521 3954 Dinand
1534 3935 1544 3970 ,
1558 3880 1652 3953 Guil-

241 4001 367 4074 lelmus
389 4002 434 4074 de
450 4001 615 4094 Chanbli,
633 4002 831 4098 Stephanus
848 4002 893 4075 de
909 4003 1081 4098 Slampis,
1098 4003 1247 4076 Iacobus
1271 4005 1480 4095 Saracenus,
1505 4006 1653 4079 Jaoobus

241 4124 387 4216 Pnobus,
405 4126 568 4200 Nicolaus
582 4127 626 4199 de
643 4126 839 4221 GenevoyS,
856 4128 977 4199 Petrus
989 4125 1034 4198 de
1045 4129 1189 4222 seylon,
1201 4128 1278 4223 Voy
1294 4127 1339 4200 de
1354 4129 1518 4219 Generes,
1531 4129 1653 4203 Pelrus

241 4245 389 4322 dellens
402 4259 439 4322 el
454 4271 545 4322 uxor
557 4270 633 4342 sna,
650 4250 725 4342 Ugo
739 4248 965 4340 Gohimacios,
983 4251 1105 4322 Petrus
1120 4250 1165 4322 de
1180 4251 1308 4347 Payre,
1327 4252 1487 4325 Nicolaus
1501 4253 1652 4326 Remen-

240 4369 309 4461 sis,
336 4371 541 4447 Guillelmus
566 4373 698 4465 Gioirs,
730 4373 931 4446 Franciseus
961 4373 1006 4446 de
1033 4373 1215 4466 Chalonsi,
1240 4376 1332 4448 Petri
1358 4376 1537 4468 Bonittus,
1562 4377 1653 4450 Pelii

241 4492 366 4585 Simar,
383 4495 532 4570 Thomas
547 4498 593 4571 de
606 4496 822 4587 hlerdundo,
843 4497 1047 4570 Guillelmus
1064 4498 1108 4570 de
1121 4498 1296 4589 Bethana,
1313 4499 1492 4572 Vincesius
1508 4500 1553 4573 de
1567 4503 1654 4573 Sun-

243 4620 330 4710 ion,
348 4620 517 4694 hlarliuus
527 4623 657 4696 &urus
669 4621 713 4695 de
729 4621 1003 4711 Monteferrauti,
1018 4621 1138 4694 Blunu
1152 4622 1304 4719 Liprest,
1319 4624 1413 4696 Perri
1428 4625 1473 4697 de
1485 4625 1650 4720 Cologna,

243 4738 425 4814 Guillelma
448 4743 493 4817 de
513 4745 614 4836 Troi,
637 4745 764 4818 Blanoa
780 4744 933 4835 Rivella,
960 4745 1163 4819 Guillelmus
1186 4745 1231 4818 de
1251 4746 1399 4840 Selene,
1419 4749 1534 4822 llomil
1556 4749 1654 4822 Sala·
