<?xml version="1.0" encoding="UTF-8"?>
<!DOCTYPE html PUBLIC "-//W3C//DTD XHTML 1.0 Transitional//EN"
    "http://www.w3.org/TR/xhtml1/DTD/xhtml1-transitional.dtd">
<html xmlns="http://www.w3.org/1999/xhtml" xml:lang="en" lang="en">
 <head>
  <title>
</title>
<meta http-equiv="Content-Type" content="text/html;charset=utf-8" />
  <meta name='ocr-system' content='tesseract 3.04.00' />
  <meta name='ocr-capabilities' content='ocr_page ocr_carea ocr_par ocr_line ocrx_word'/>
</head>
<body>
  <div class='ocr_page' id='page_1' title='image "./historiadiploma00fredgoog/historiadiploma00fredgoog_0233.png"; bbox 0 0 4310 5908; ppageno 0'>
   <div class='ocr_carea' id='block_1_1' title="bbox 492 621 1895 718">
    <p class='ocr_par' dir='ltr' id='par_1_1' title="bbox 492 621 1895 718">
     <span class='ocr_line' id='line_1_1' title="bbox 492 621 1895 718; baseline 0.016 -34"><span class='ocrx_word' id='word_1_1' title='bbox 492 621 552 684; x_wconf 80' lang='grc'>768</span> <span class='ocrx_word' id='word_1_2' title='bbox 990 629 1204 693; x_wconf 78' lang='lat' dir='ltr'>Fulbuulcl</span> <span class='ocrx_word' id='word_1_3' title='bbox 1228 631 1402 695; x_wconf 81' lang='lat' dir='ltr'>SllGlllillil</span> <span class='ocrx_word' id='word_1_4' title='bbox 1705 639 1787 718; x_wconf 74' lang='lat' dir='ltr'>[buu.</span> <span class='ocrx_word' id='word_1_5' title='bbox 1806 642 1895 706; x_wconf 74' lang='lat'>1250.</span> 
     </span>
    </p>
   </div>
   <div class='ocr_carea' id='block_1_2' title="bbox 489 755 1897 1004">
    <p class='ocr_par' dir='ltr' id='par_1_2' title="bbox 489 755 1897 1004">
     <span class='ocr_line' id='line_1_2' title="bbox 490 755 1895 877; baseline 0.015 -41"><span class='ocrx_word' id='word_1_6' title='bbox 490 756 593 863; x_wconf 87' lang='lat' dir='ltr'>ipsos</span> <span class='ocrx_word' id='word_1_7' title='bbox 625 758 674 840; x_wconf 91' lang='lat' dir='ltr'>ad</span> <span class='ocrx_word' id='word_1_8' title='bbox 711 758 835 842; x_wconf 85' lang='lat' dir='ltr'>casale</span> <span class='ocrx_word' id='word_1_9' title='bbox 873 755 1000 844; x_wconf 89' lang='lat' dir='ltr'>Sancti</span> <span class='ocrx_word' id='word_1_10' title='bbox 1036 761 1160 847; x_wconf 85' lang='lat' dir='ltr'>Evasii</span> <span class='ocrx_word' id='word_1_11' title='bbox 1192 764 1418 872; x_wconf 86' lang='lat' dir='ltr'>destinavit,</span> <span class='ocrx_word' id='word_1_12' title='bbox 1451 769 1639 877; x_wconf 80' lang='lat' dir='ltr'>quesnel</span> <span class='ocrx_word' id='word_1_13' title='bbox 1676 797 1806 856; x_wconf 89' lang='lat' dir='ltr'>amore</span> <span class='ocrx_word' id='word_1_14' title='bbox 1836 775 1895 859; x_wconf 86' lang='lat' dir='ltr'>vel</span> 
     </span>
     <span class='ocr_line' id='line_1_3' title="bbox 489 891 1897 1004; baseline 0.014 -33"><span class='ocrx_word' id='word_1_15' title='bbox 489 891 649 998; x_wconf 89' lang='lat' dir='ltr'>pecunie</span> <span class='ocrx_word' id='word_1_16' title='bbox 672 892 940 977; x_wconf 87' lang='lat' dir='ltr'>interveniente</span> <span class='ocrx_word' id='word_1_17' title='bbox 964 893 1069 979; x_wconf 89' lang='lat' dir='ltr'>abire</span> <span class='ocrx_word' id='word_1_18' title='bbox 1090 897 1262 1004; x_wconf 83' lang='lat' dir='ltr'><strong>permisit</strong></span> <span class='ocrx_word' id='word_1_19' title='bbox 1282 927 1292 978; x_wconf 76' lang='lat' dir='ltr'>z</span> <span class='ocrx_word' id='word_1_20' title='bbox 1314 924 1391 982; x_wconf 93' lang='lat' dir='ltr'>non</span> <span class='ocrx_word' id='word_1_21' title='bbox 1419 899 1521 983; x_wconf 89' lang='lat' dir='ltr'>enim</span> <span class='ocrx_word' id='word_1_22' title='bbox 1544 901 1639 984; x_wconf 91' lang='lat' dir='ltr'>bene</span> <span class='ocrx_word' id='word_1_23' title='bbox 1668 929 1708 986; x_wconf 89' lang='lat' dir='ltr'>se</span> <span class='ocrx_word' id='word_1_24' title='bbox 1733 905 1897 990; x_wconf 90' lang='lat' dir='ltr'>babebat</span> 
     </span>
    </p>
   </div>
   <div class='ocr_carea' id='block_1_3' title="bbox 487 1024 1891 1264">
    <p class='ocr_par' dir='ltr' id='par_1_3' title="bbox 487 1024 1891 1264">
     <span class='ocr_line' id='line_1_4' title="bbox 489 1024 1891 1148; baseline 0.013 -44"><span class='ocrx_word' id='word_1_25' title='bbox 489 1047 577 1105; x_wconf 86' lang='lat' dir='ltr'>cum</span> <span class='ocrx_word' id='word_1_26' title='bbox 596 1024 733 1110; x_wconf 88' lang='lat' dir='ltr'>Uberto</span> <span class='ocrx_word' id='word_1_27' title='bbox 750 1026 961 1110; x_wconf 84' lang='lat' dir='ltr'>Pelevioino</span> <span class='ocrx_word' id='word_1_28' title='bbox 978 1028 1030 1112; x_wconf 92' lang='lat' dir='ltr'>ob</span> <span class='ocrx_word' id='word_1_29' title='bbox 1047 1028 1242 1114; x_wconf 86' lang='lat' dir='ltr'>invidiam.</span> <span class='ocrx_word' id='word_1_30' title='bbox 1263 1032 1433 1115; x_wconf 82' lang='lat' dir='ltr'>Glrouio.</span> <span class='ocrx_word' id='word_1_31' title='bbox 1451 1037 1497 1116; x_wconf 84' lang='lat' dir='ltr'>de</span> <span class='ocrx_word' id='word_1_32' title='bbox 1515 1037 1594 1117; x_wconf 85' lang='lat' dir='ltr'>rei.</span> <span class='ocrx_word' id='word_1_33' title='bbox 1616 1035 1657 1116; x_wconf 85' lang='lat' dir='ltr'>iu</span> <span class='ocrx_word' id='word_1_34' title='bbox 1672 1041 1760 1119; x_wconf 87' lang='lat' dir='ltr'>itui.</span> <span class='ocrx_word' id='word_1_35' title='bbox 1781 1053 1891 1148; x_wconf 78' lang='lat' dir='ltr'>pest,</span> 
     </span>
     <span class='ocr_line' id='line_1_5' title="bbox 487 1158 741 1264; baseline 0.016 -29"><span class='ocrx_word' id='word_1_36' title='bbox 487 1181 528 1264; x_wconf 88' lang='lat' dir='ltr'>p.</span> <span class='ocrx_word' id='word_1_37' title='bbox 549 1158 642 1238; x_wconf 73' lang='lat' dir='ltr'>22l.</span> <span class='ocrx_word' id='word_1_38' title='bbox 740 1194 741 1198; x_wconf 12' lang='grc' dir='ltr'><strong><em>Ν</em></strong></span> 
     </span>
    </p>
   </div>
   <div class='ocr_carea' id='block_1_4' title="bbox 298 1649 1890 1767">
    <p class='ocr_par' dir='ltr' id='par_1_4' title="bbox 298 1649 1890 1767">
     <span class='ocr_line' id='line_1_6' title="bbox 298 1649 1890 1767; baseline 0.011 -40"><span class='ocrx_word' id='word_1_39' title='bbox 298 1673 311 1704; x_wconf 82' lang='lat'><strong>⁰</strong></span> <span class='ocrx_word' id='word_1_40' title='bbox 437 1677 457 1709; x_wconf 82' lang='lat'>⁰·</span> <span class='ocrx_word' id='word_1_41' title='bbox 538 1649 769 1759; x_wconf 88' lang='lat' dir='ltr'>Friderious,</span> <span class='ocrx_word' id='word_1_42' title='bbox 796 1653 1055 1737; x_wconf 88' lang='lat' dir='ltr'>Romanorum</span> <span class='ocrx_word' id='word_1_43' title='bbox 1082 1653 1301 1766; x_wconf 89' lang='lat' dir='ltr'>imperator,</span> <span class='ocrx_word' id='word_1_44' title='bbox 1329 1655 1379 1738; x_wconf 90' lang='lat' dir='ltr'>ad</span> <span class='ocrx_word' id='word_1_45' title='bbox 1412 1657 1725 1767; x_wconf 75' lang='lat' dir='ltr'>supplicationem</span> <span class='ocrx_word' id='word_1_46' title='bbox 1759 1661 1890 1745; x_wconf 90' lang='lat' dir='ltr'>Ludo-</span> 
     </span>
    </p>
   </div>
   <div class='ocr_carea' id='block_1_5' title="bbox 481 1784 1888 2269">
    <p class='ocr_par' dir='ltr' id='par_1_5' title="bbox 481 1784 1888 2269">
     <span class='ocr_line' id='line_1_7' title="bbox 484 1784 1888 1898; baseline 0.004 -28"><span class='ocrx_word' id='word_1_47' title='bbox 484 1784 589 1892; x_wconf 83' lang='lat' dir='ltr'>wioi,</span> <span class='ocrx_word' id='word_1_48' title='bbox 612 1784 852 1895; x_wconf 74' lang='lat' dir='ltr'>primogeniti</span> <span class='ocrx_word' id='word_1_49' title='bbox 872 1787 1022 1872; x_wconf 88' lang='lat' dir='ltr'>Ottonis</span> <span class='ocrx_word' id='word_1_50' title='bbox 1048 1789 1156 1871; x_wconf 86' lang='lat' dir='ltr'>ducis</span> <span class='ocrx_word' id='word_1_51' title='bbox 1182 1786 1393 1898; x_wconf 82' lang='lat' dir='ltr'>bawariae,</span> <span class='ocrx_word' id='word_1_52' title='bbox 1422 1791 1648 1874; x_wconf 89' lang='lat' dir='ltr'>sententiam</span> <span class='ocrx_word' id='word_1_53' title='bbox 1673 1791 1745 1875; x_wconf 85' lang='lat' dir='ltr'>fert</span> <span class='ocrx_word' id='word_1_54' title='bbox 1769 1803 1812 1875; x_wconf 92' lang='lat' dir='ltr'>ut</span> <span class='ocrx_word' id='word_1_55' title='bbox 1837 1795 1888 1876; x_wconf 92' lang='lat' dir='ltr'>ad</span> 
     </span>
     <span class='ocr_line' id='line_1_8' title="bbox 483 1915 1888 2030; baseline 0.006 -30"><span class='ocrx_word' id='word_1_56' title='bbox 483 1915 783 2002; x_wconf 89' lang='lat' dir='ltr'>observationem</span> <span class='ocrx_word' id='word_1_57' title='bbox 810 1919 1117 2030; x_wconf 81' lang='lat' dir='ltr'>fidejussionem,</span> <span class='ocrx_word' id='word_1_58' title='bbox 1147 1921 1368 2005; x_wconf 90' lang='lat' dir='ltr'>cautionum</span> <span class='ocrx_word' id='word_1_59' title='bbox 1395 1949 1439 2005; x_wconf 91' lang='lat' dir='ltr'>ae</span> <span class='ocrx_word' id='word_1_60' title='bbox 1467 1923 1711 2007; x_wconf 75' lang='lat' dir='ltr'>securitatum</span> <span class='ocrx_word' id='word_1_61' title='bbox 1742 1925 1888 2010; x_wconf 85' lang='lat' dir='ltr'>uiribus</span> 
     </span>
     <span class='ocr_line' id='line_1_9' title="bbox 482 2049 1888 2165; baseline 0.005 -30"><span class='ocrx_word' id='word_1_62' title='bbox 482 2049 844 2159; x_wconf 88' lang='lat' dir='ltr'>Wormatiensibus,</span> <span class='ocrx_word' id='word_1_63' title='bbox 881 2065 986 2137; x_wconf 90' lang='lat' dir='ltr'>metu</span> <span class='ocrx_word' id='word_1_64' title='bbox 1017 2080 1200 2164; x_wconf 83' lang='lat' dir='ltr'>personae</span> <span class='ocrx_word' id='word_1_65' title='bbox 1229 2081 1335 2162; x_wconf 87' lang='lat' dir='ltr'>suae,</span> <span class='ocrx_word' id='word_1_66' title='bbox 1363 2056 1649 2165; x_wconf 84' lang='lat' dir='ltr'>praestiturum,</span> <span class='ocrx_word' id='word_1_67' title='bbox 1669 2057 1888 2142; x_wconf 89' lang='lat' dir='ltr'>nullatenus</span> 
     </span>
     <span class='ocr_line' id='line_1_10' title="bbox 481 2193 665 2269; baseline -0.011 0"><span class='ocrx_word' id='word_1_68' title='bbox 481 2193 665 2269; x_wconf 86' lang='lat' dir='ltr'>teneatur.</span> 
     </span>
    </p>
   </div>
   <div class='ocr_carea' id='block_1_6' title="bbox 559 2399 1887 2695">
    <p class='ocr_par' dir='ltr' id='par_1_6' title="bbox 559 2399 1887 2695">
     <span class='ocr_line' id='line_1_11' title="bbox 559 2399 1883 2484; baseline 0.006 -24"><span class='ocrx_word' id='word_1_69' title='bbox 559 2399 695 2482; x_wconf 84' lang='lat' dir='ltr'>(Editum</span> <span class='ocrx_word' id='word_1_70' title='bbox 709 2417 758 2480; x_wconf 87' lang='lat' dir='ltr'>ap.</span> <span class='ocrx_word' id='word_1_71' title='bbox 773 2401 902 2462; x_wconf 79' lang='lat' dir='ltr'>Menneu</span> <span class='ocrx_word' id='word_1_72' title='bbox 915 2403 1007 2478; x_wconf 77' lang='lat' dir='ltr'>Boiu,</span> <span class='ocrx_word' id='word_1_73' title='bbox 1017 2410 1041 2463; x_wconf 92' lang='lat' dir='ltr'>t.</span> <span class='ocrx_word' id='word_1_74' title='bbox 1059 2401 1156 2480; x_wconf 81' lang='lat' dir='ltr'>XXX,</span> <span class='ocrx_word' id='word_1_75' title='bbox 1171 2421 1202 2480; x_wconf 92' lang='lat' dir='ltr'>p.</span> <span class='ocrx_word' id='word_1_76' title='bbox 1216 2411 1359 2483; x_wconf 74' lang='lat' dir='ltr'>tot-eoo,</span> <span class='ocrx_word' id='word_1_77' title='bbox 1374 2421 1460 2465; x_wconf 89' lang='lat' dir='ltr'>num.</span> <span class='ocrx_word' id='word_1_78' title='bbox 1474 2403 1711 2476; x_wconf 76' lang='lat' dir='ltr'>DCCLXXXVI,</span> <span class='ocrx_word' id='word_1_79' title='bbox 1723 2423 1760 2466; x_wconf 82' lang='lat' dir='ltr'>ex</span> <span class='ocrx_word' id='word_1_80' title='bbox 1775 2409 1883 2484; x_wconf 78' lang='lat' dir='ltr'>origin.</span> 
     </span>
     <span class='ocr_line' id='line_1_12' title="bbox 598 2508 1887 2589; baseline 0.005 -22"><span class='ocrx_word' id='word_1_81' title='bbox 598 2509 629 2567; x_wconf 91' lang='lat' dir='ltr'>in</span> <span class='ocrx_word' id='word_1_82' title='bbox 645 2508 765 2569; x_wconf 86' lang='lat' dir='ltr'>archivo</span> <span class='ocrx_word' id='word_1_83' title='bbox 780 2525 843 2586; x_wconf 83' lang='lat' dir='ltr'>reg.</span> <span class='ocrx_word' id='word_1_84' title='bbox 861 2509 942 2571; x_wconf 86' lang='lat' dir='ltr'>dom.</span> <span class='ocrx_word' id='word_1_85' title='bbox 957 2509 1079 2583; x_wconf 69' lang='lat' dir='ltr'>Bauer„</span> <span class='ocrx_word' id='word_1_86' title='bbox 1094 2509 1174 2570; x_wconf 86' lang='lat' dir='ltr'>uude</span> <span class='ocrx_word' id='word_1_87' title='bbox 1188 2509 1318 2588; x_wconf 81' lang='lat' dir='ltr'>sigillum</span> <span class='ocrx_word' id='word_1_88' title='bbox 1337 2511 1471 2571; x_wconf 86' lang='lat' dir='ltr'>nonnihil</span> <span class='ocrx_word' id='word_1_89' title='bbox 1486 2513 1596 2573; x_wconf 86' lang='lat' dir='ltr'>laesum</span> <span class='ocrx_word' id='word_1_90' title='bbox 1611 2512 1757 2589; x_wconf 86' lang='lat' dir='ltr'>appendet</span> <span class='ocrx_word' id='word_1_91' title='bbox 1771 2530 1808 2573; x_wconf 87' lang='lat' dir='ltr'>ex</span> <span class='ocrx_word' id='word_1_92' title='bbox 1825 2512 1887 2574; x_wconf 89' lang='lat' dir='ltr'>illis</span> 
     </span>
     <span class='ocr_line' id='line_1_13' title="bbox 597 2614 1060 2695; baseline 0.002 -20"><span class='ocrx_word' id='word_1_93' title='bbox 597 2616 696 2676; x_wconf 72' lang='lat' dir='ltr'>senus</span> <span class='ocrx_word' id='word_1_94' title='bbox 708 2615 791 2676; x_wconf 82' lang='lat' dir='ltr'>rubri</span> <span class='ocrx_word' id='word_1_95' title='bbox 804 2623 834 2677; x_wconf 86' lang='lat' dir='ltr'>et</span> <span class='ocrx_word' id='word_1_96' title='bbox 846 2615 917 2676; x_wconf 83' lang='lat' dir='ltr'>flavi</span> <span class='ocrx_word' id='word_1_97' title='bbox 930 2614 1060 2695; x_wconf 86' lang='lat' dir='ltr'>eoloris.)</span> 
     </span>
    </p>
   </div>
   <div class='ocr_carea' id='block_1_7' title="bbox 468 2801 1883 4262">
    <p class='ocr_par' dir='ltr' id='par_1_7' title="bbox 468 2801 1883 4262">
     <span class='ocr_line' id='line_1_14' title="bbox 525 2801 1881 2899; baseline 0.001 -25"><span class='ocrx_word' id='word_1_98' title='bbox 525 2801 717 2874; x_wconf 86' lang='lat' dir='ltr'>Fridericus</span> <span class='ocrx_word' id='word_1_99' title='bbox 733 2801 796 2874; x_wconf 91' lang='lat' dir='ltr'>Dei</span> <span class='ocrx_word' id='word_1_100' title='bbox 815 2802 926 2895; x_wconf 80' lang='lat' dir='ltr'>gratia</span> <span class='ocrx_word' id='word_1_101' title='bbox 940 2805 1173 2876; x_wconf 83' lang='lat' dir='ltr'>Romanorum</span> <span class='ocrx_word' id='word_1_102' title='bbox 1191 2803 1379 2898; x_wconf 88' lang='lat' dir='ltr'>imperator</span> <span class='ocrx_word' id='word_1_103' title='bbox 1392 2825 1529 2899; x_wconf 88' lang='lat' dir='ltr'>semper</span> <span class='ocrx_word' id='word_1_104' title='bbox 1542 2812 1726 2896; x_wconf 75' lang='lat' dir='ltr'>angustus,</span> <span class='ocrx_word' id='word_1_105' title='bbox 1742 2806 1881 2877; x_wconf 87' lang='lat' dir='ltr'>Jerusa-</span> 
     </span>
     <span class='ocr_line' id='line_1_15' title="bbox 476 2925 1883 3023; baseline 0.003 -29"><span class='ocrx_word' id='word_1_106' title='bbox 476 2925 545 2997; x_wconf 86' lang='lat' dir='ltr'>lem</span> <span class='ocrx_word' id='word_1_107' title='bbox 561 2934 596 2998; x_wconf 92' lang='lat' dir='ltr'>et</span> <span class='ocrx_word' id='word_1_108' title='bbox 614 2926 728 2997; x_wconf 89' lang='lat' dir='ltr'>Sicilie</span> <span class='ocrx_word' id='word_1_109' title='bbox 745 2948 820 2998; x_wconf 85' lang='lat' dir='ltr'>rex.</span> <span class='ocrx_word' id='word_1_110' title='bbox 838 2927 903 2998; x_wconf 89' lang='lat' dir='ltr'>Per</span> <span class='ocrx_word' id='word_1_111' title='bbox 918 2937 1062 3022; x_wconf 82' lang='lat' dir='ltr'>presens</span> <span class='ocrx_word' id='word_1_112' title='bbox 1077 2928 1244 3023; x_wconf 87' lang='lat' dir='ltr'>seriptum</span> <span class='ocrx_word' id='word_1_113' title='bbox 1259 2937 1381 3000; x_wconf 92' lang='lat' dir='ltr'>notum</span> <span class='ocrx_word' id='word_1_114' title='bbox 1400 2928 1545 3000; x_wconf 85' lang='lat' dir='ltr'>iacimus</span> <span class='ocrx_word' id='word_1_115' title='bbox 1561 2927 1732 2999; x_wconf 88' lang='lat' dir='ltr'>universis</span> <span class='ocrx_word' id='word_1_116' title='bbox 1746 2927 1883 3022; x_wconf 90' lang='lat' dir='ltr'>imperii</span> 
     </span>
     <span class='ocr_line' id='line_1_16' title="bbox 474 3047 1882 3147; baseline 0.001 -27"><span class='ocrx_word' id='word_1_117' title='bbox 474 3047 636 3122; x_wconf 89' lang='lat' dir='ltr'>iidelibns</span> <span class='ocrx_word' id='word_1_118' title='bbox 659 3050 755 3142; x_wconf 92' lang='lat' dir='ltr'>qnod</span> <span class='ocrx_word' id='word_1_119' title='bbox 775 3050 971 3123; x_wconf 88' lang='lat' dir='ltr'>Ludovious</span> <span class='ocrx_word' id='word_1_120' title='bbox 994 3051 1244 3147; x_wconf 77' lang='lat' dir='ltr'>primogenitus</span> <span class='ocrx_word' id='word_1_121' title='bbox 1261 3051 1361 3124; x_wconf 89' lang='lat' dir='ltr'>ducis</span> <span class='ocrx_word' id='word_1_122' title='bbox 1380 3051 1557 3141; x_wconf 87' lang='lat' dir='ltr'>Bawerie,</span> <span class='ocrx_word' id='word_1_123' title='bbox 1583 3052 1698 3124; x_wconf 86' lang='lat' dir='ltr'>dilecti</span> <span class='ocrx_word' id='word_1_124' title='bbox 1717 3051 1882 3146; x_wconf 86' lang='lat' dir='ltr'>principis</span> 
     </span>
     <span class='ocr_line' id='line_1_17' title="bbox 474 3175 1879 3272; baseline 0 -25"><span class='ocrx_word' id='word_1_125' title='bbox 474 3175 601 3266; x_wconf 88' lang='lat' dir='ltr'>nostri,</span> <span class='ocrx_word' id='word_1_126' title='bbox 630 3175 824 3248; x_wconf 91' lang='lat' dir='ltr'>celsitudini</span> <span class='ocrx_word' id='word_1_127' title='bbox 851 3186 969 3248; x_wconf 89' lang='lat' dir='ltr'>nostre</span> <span class='ocrx_word' id='word_1_128' title='bbox 991 3175 1198 3272; x_wconf 84' lang='lat' dir='ltr'>supplicavit</span> <span class='ocrx_word' id='word_1_129' title='bbox 1219 3186 1351 3249; x_wconf 85' lang='lat' dir='ltr'>attente</span> <span class='ocrx_word' id='word_1_130' title='bbox 1380 3176 1476 3270; x_wconf 92' lang='lat' dir='ltr'>quod</span> <span class='ocrx_word' id='word_1_131' title='bbox 1500 3199 1580 3248; x_wconf 90' lang='lat' dir='ltr'>eum</span> <span class='ocrx_word' id='word_1_132' title='bbox 1605 3177 1699 3248; x_wconf 90' lang='lat' dir='ltr'>cives</span> <span class='ocrx_word' id='word_1_133' title='bbox 1717 3177 1879 3248; x_wconf 86' lang='lat' dir='ltr'>Worma·</span> 
     </span>
     <span class='ocr_line' id='line_1_18' title="bbox 471 3299 1883 3394; baseline 0.001 -25"><span class='ocrx_word' id='word_1_134' title='bbox 471 3301 618 3392; x_wconf 85' lang='lat' dir='ltr'>tienses,</span> <span class='ocrx_word' id='word_1_135' title='bbox 645 3301 681 3371; x_wconf 94' lang='lat' dir='ltr'>in</span> <span class='ocrx_word' id='word_1_136' title='bbox 706 3299 781 3394; x_wconf 90' lang='lat' dir='ltr'>ipsa</span> <span class='ocrx_word' id='word_1_137' title='bbox 801 3299 940 3372; x_wconf 82' lang='lat' dir='ltr'>civitate</span> <span class='ocrx_word' id='word_1_138' title='bbox 968 3309 1088 3372; x_wconf 85' lang='lat' dir='ltr'>eontra</span> <span class='ocrx_word' id='word_1_139' title='bbox 1113 3321 1193 3373; x_wconf 92' lang='lat' dir='ltr'>eum</span> <span class='ocrx_word' id='word_1_140' title='bbox 1213 3310 1342 3373; x_wconf 90' lang='lat' dir='ltr'>temere</span> <span class='ocrx_word' id='word_1_141' title='bbox 1362 3301 1598 3394; x_wconf 80' lang='lat' dir='ltr'>insurgentes,</span> <span class='ocrx_word' id='word_1_142' title='bbox 1620 3301 1748 3372; x_wconf 88' lang='lat' dir='ltr'>multas</span> <span class='ocrx_word' id='word_1_143' title='bbox 1763 3299 1828 3372; x_wconf 90' lang='lat' dir='ltr'>sibi</span> <span class='ocrx_word' id='word_1_144' title='bbox 1844 3309 1883 3371; x_wconf 86' lang='lat' dir='ltr'>et</span> 
     </span>
     <span class='ocr_line' id='line_1_19' title="bbox 473 3423 1879 3519; baseline -0.001 -24"><span class='ocrx_word' id='word_1_145' title='bbox 473 3423 601 3498; x_wconf 81' lang='lat' dir='ltr'>familie</span> <span class='ocrx_word' id='word_1_146' title='bbox 618 3445 679 3496; x_wconf 91' lang='lat' dir='ltr'>sue</span> <span class='ocrx_word' id='word_1_147' title='bbox 691 3433 807 3519; x_wconf 92' lang='lat' dir='ltr'>preter</span> <span class='ocrx_word' id='word_1_148' title='bbox 820 3445 924 3496; x_wconf 91' lang='lat' dir='ltr'>omne</span> <span class='ocrx_word' id='word_1_149' title='bbox 937 3424 1097 3495; x_wconf 90' lang='lat' dir='ltr'>meritum</span> <span class='ocrx_word' id='word_1_150' title='bbox 1116 3446 1218 3496; x_wconf 91' lang='lat' dir='ltr'>suum</span> <span class='ocrx_word' id='word_1_151' title='bbox 1232 3424 1377 3517; x_wconf 87' lang='lat' dir='ltr'>injurias</span> <span class='ocrx_word' id='word_1_152' title='bbox 1391 3424 1603 3518; x_wconf 78' lang='lat' dir='ltr'>infligerent,</span> <span class='ocrx_word' id='word_1_153' title='bbox 1617 3434 1781 3518; x_wconf 90' lang='lat' dir='ltr'>metuque</span> <span class='ocrx_word' id='word_1_154' title='bbox 1797 3445 1879 3519; x_wconf 91' lang='lat' dir='ltr'>per·</span> 
     </span>
     <span class='ocr_line' id='line_1_20' title="bbox 472 3546 1881 3644; baseline -0.001 -24"><span class='ocrx_word' id='word_1_155' title='bbox 472 3568 558 3620; x_wconf 89' lang='lat' dir='ltr'>sone</span> <span class='ocrx_word' id='word_1_156' title='bbox 574 3569 636 3620; x_wconf 88' lang='lat' dir='ltr'>sue</span> <span class='ocrx_word' id='word_1_157' title='bbox 652 3559 833 3642; x_wconf 80' lang='lat' dir='ltr'>cogeretur</span> <span class='ocrx_word' id='word_1_158' title='bbox 849 3548 932 3644; x_wconf 91' lang='lat' dir='ltr'>ipsis</span> <span class='ocrx_word' id='word_1_159' title='bbox 952 3546 1214 3641; x_wconf 88' lang='lat' dir='ltr'>fidejussiones,</span> <span class='ocrx_word' id='word_1_160' title='bbox 1232 3549 1428 3639; x_wconf 85' lang='lat' dir='ltr'>cautiones,</span> <span class='ocrx_word' id='word_1_161' title='bbox 1451 3570 1492 3620; x_wconf 86' lang='lat' dir='ltr'>ae</span> <span class='ocrx_word' id='word_1_162' title='bbox 1508 3548 1709 3620; x_wconf 87' lang='lat' dir='ltr'>securitates</span> <span class='ocrx_word' id='word_1_163' title='bbox 1725 3557 1881 3642; x_wconf 85' lang='lat' dir='ltr'>prestare</span> 
     </span>
     <span class='ocr_line' id='line_1_21' title="bbox 471 3671 1875 3770; baseline -0.002 -25"><span class='ocrx_word' id='word_1_164' title='bbox 471 3672 567 3768; x_wconf 87' lang='lat' dir='ltr'>quod</span> <span class='ocrx_word' id='word_1_165' title='bbox 587 3695 668 3744; x_wconf 88' lang='lat' dir='ltr'>sues</span> <span class='ocrx_word' id='word_1_166' title='bbox 687 3673 722 3744; x_wconf 92' lang='lat' dir='ltr'>in</span> <span class='ocrx_word' id='word_1_167' title='bbox 744 3695 805 3746; x_wconf 90' lang='lat' dir='ltr'>eos</span> <span class='ocrx_word' id='word_1_168' title='bbox 822 3695 894 3746; x_wconf 92' lang='lat' dir='ltr'>non</span> <span class='ocrx_word' id='word_1_169' title='bbox 911 3672 1135 3745; x_wconf 84' lang='lat' dir='ltr'>ulcisceretur</span> <span class='ocrx_word' id='word_1_170' title='bbox 1152 3672 1296 3765; x_wconf 90' lang='lat' dir='ltr'>injurias</span> <span class='ocrx_word' id='word_1_171' title='bbox 1318 3671 1385 3770; x_wconf 87' lang='lat' dir='ltr'>(i),</span> <span class='ocrx_word' id='word_1_172' title='bbox 1406 3673 1520 3768; x_wconf 90' lang='lat' dir='ltr'>ipsum</span> <span class='ocrx_word' id='word_1_173' title='bbox 1538 3694 1560 3744; x_wconf 89' lang='lat' dir='ltr'>a</span> <span class='ocrx_word' id='word_1_174' title='bbox 1575 3671 1875 3764; x_wconf 84' lang='lat' dir='ltr'>fidejussionibus,</span> 
     </span>
     <span class='ocr_line' id='line_1_22' title="bbox 471 3793 1877 3892; baseline -0.003 -25"><span class='ocrx_word' id='word_1_175' title='bbox 471 3794 705 3886; x_wconf 81' lang='lat' dir='ltr'>cautionibus,</span> <span class='ocrx_word' id='word_1_176' title='bbox 735 3817 778 3867; x_wconf 89' lang='lat' dir='ltr'>ao</span> <span class='ocrx_word' id='word_1_177' title='bbox 799 3795 1041 3867; x_wconf 87' lang='lat' dir='ltr'>securitatibus</span> <span class='ocrx_word' id='word_1_178' title='bbox 1063 3795 1248 3892; x_wconf 88' lang='lat' dir='ltr'>predictis,</span> <span class='ocrx_word' id='word_1_179' title='bbox 1271 3816 1358 3890; x_wconf 87' lang='lat' dir='ltr'>quas</span> <span class='ocrx_word' id='word_1_180' title='bbox 1378 3817 1449 3868; x_wconf 93' lang='lat' dir='ltr'>non</span> <span class='ocrx_word' id='word_1_181' title='bbox 1477 3807 1601 3890; x_wconf 91' lang='lat' dir='ltr'>sponte</span> <span class='ocrx_word' id='word_1_182' title='bbox 1627 3794 1690 3866; x_wconf 90' lang='lat' dir='ltr'>sed</span> <span class='ocrx_word' id='word_1_183' title='bbox 1711 3793 1877 3866; x_wconf 87' lang='lat' dir='ltr'>oobeetus</span> 
     </span>
     <span class='ocr_line' id='line_1_23' title="bbox 470 3917 1877 4015; baseline -0.001 -25"><span class='ocrx_word' id='word_1_184' title='bbox 470 3918 636 4014; x_wconf 87' lang='lat' dir='ltr'>prestitit,</span> <span class='ocrx_word' id='word_1_185' title='bbox 662 3927 767 4015; x_wconf 89' lang='lat' dir='ltr'>prout</span> <span class='ocrx_word' id='word_1_186' title='bbox 785 3919 919 4011; x_wconf 86' lang='lat' dir='ltr'>justitia</span> <span class='ocrx_word' id='word_1_187' title='bbox 935 3918 1108 4010; x_wconf 79' lang='lat' dir='ltr'>exigeret,</span> <span class='ocrx_word' id='word_1_188' title='bbox 1128 3920 1310 3992; x_wconf 85' lang='lat' dir='ltr'>absolvere</span> <span class='ocrx_word' id='word_1_189' title='bbox 1325 3919 1560 4012; x_wconf 79' lang='lat' dir='ltr'>dignaremur.</span> <span class='ocrx_word' id='word_1_190' title='bbox 1583 3918 1653 3990; x_wconf 91' lang='lat' dir='ltr'>Nos</span> <span class='ocrx_word' id='word_1_191' title='bbox 1676 3917 1781 4009; x_wconf 81' lang='lat' dir='ltr'>igitur</span> <span class='ocrx_word' id='word_1_192' title='bbox 1796 3939 1877 4012; x_wconf 86' lang='lat' dir='ltr'>sup·</span> 
     </span>
     <span class='ocr_line' id='line_1_24' title="bbox 470 4040 1879 4138; baseline 0 -26"><span class='ocrx_word' id='word_1_193' title='bbox 470 4041 714 4138; x_wconf 87' lang='lat' dir='ltr'>plicationibus</span> <span class='ocrx_word' id='word_1_194' title='bbox 734 4041 805 4114; x_wconf 89' lang='lat' dir='ltr'>suis</span> <span class='ocrx_word' id='word_1_195' title='bbox 822 4063 890 4134; x_wconf 86' lang='lat' dir='ltr'>que</span> <span class='ocrx_word' id='word_1_196' title='bbox 901 4041 1070 4133; x_wconf 89' lang='lat' dir='ltr'>justitiam</span> <span class='ocrx_word' id='word_1_197' title='bbox 1081 4041 1327 4132; x_wconf 85' lang='lat' dir='ltr'>continebant,</span> <span class='ocrx_word' id='word_1_198' title='bbox 1345 4054 1567 4135; x_wconf 84' lang='lat' dir='ltr'>nequeuntes</span> <span class='ocrx_word' id='word_1_199' title='bbox 1583 4042 1757 4112; x_wconf 85' lang='lat' dir='ltr'>ullatenus</span> <span class='ocrx_word' id='word_1_200' title='bbox 1771 4040 1879 4112; x_wconf 80' lang='lat' dir='ltr'>reira-</span> 
     </span>
     <span class='ocr_line' id='line_1_25' title="bbox 468 4164 1874 4262; baseline -0.002 -24"><span class='ocrx_word' id='word_1_201' title='bbox 468 4167 561 4260; x_wconf 79' lang='lat' dir='ltr'>gari,</span> <span class='ocrx_word' id='word_1_202' title='bbox 579 4167 692 4262; x_wconf 90' lang='lat' dir='ltr'>ipsum</span> <span class='ocrx_word' id='word_1_203' title='bbox 704 4187 725 4238; x_wconf 85' lang='lat' dir='ltr'>a</span> <span class='ocrx_word' id='word_1_204' title='bbox 739 4165 1038 4259; x_wconf 86' lang='lat' dir='ltr'>fidejussionibus,</span> <span class='ocrx_word' id='word_1_205' title='bbox 1052 4166 1269 4239; x_wconf 85' lang='lat' dir='ltr'>cautionibus</span> <span class='ocrx_word' id='word_1_206' title='bbox 1283 4177 1319 4239; x_wconf 90' lang='lat' dir='ltr'>et</span> <span class='ocrx_word' id='word_1_207' title='bbox 1330 4167 1592 4256; x_wconf 86' lang='lat' dir='ltr'>securitatibus,</span> <span class='ocrx_word' id='word_1_208' title='bbox 1608 4187 1695 4259; x_wconf 85' lang='lat' dir='ltr'>quas</span> <span class='ocrx_word' id='word_1_209' title='bbox 1708 4164 1874 4261; x_wconf 89' lang='lat' dir='ltr'>predictis</span> 
     </span>
    </p>
   </div>
   <div class='ocr_carea' id='block_1_8' title="bbox 1794 4359 1867 4370">
    <p class='ocr_par' dir='ltr' id='par_1_8' title="bbox 1794 4359 1867 4370">
     <span class='ocr_line' id='line_1_26' title="bbox 1794 4359 1867 4370; baseline 0 0"><span class='ocrx_word' id='word_1_210' title='bbox 1794 4359 1867 4370; x_wconf 61' lang='lat' dir='ltr'>-ue</span> 
     </span>
    </p>
   </div>
   <div class='ocr_carea' id='block_1_9' title="bbox 464 4465 1874 4837">
    <p class='ocr_par' dir='ltr' id='par_1_9' title="bbox 464 4465 1874 4837">
     <span class='ocr_line' id='line_1_27' title="bbox 504 4465 1874 4543; baseline -0.003 -17"><span class='ocrx_word' id='word_1_211' title='bbox 504 4471 543 4542; x_wconf 88' lang='lat' dir='ltr'>(i)</span> <span class='ocrx_word' id='word_1_212' title='bbox 560 4467 731 4536; x_wconf 75' lang='lat' dir='ltr'>innotare,</span> <span class='ocrx_word' id='word_1_213' title='bbox 746 4470 779 4525; x_wconf 71' lang='lat' dir='ltr'>ti</span> <span class='ocrx_word' id='word_1_214' title='bbox 795 4467 909 4539; x_wconf 84' lang='lat' dir='ltr'>augusti,</span> <span class='ocrx_word' id='word_1_215' title='bbox 922 4467 1135 4526; x_wconf 81' lang='lat' dir='ltr'>wormatienses</span> <span class='ocrx_word' id='word_1_216' title='bbox 1151 4468 1318 4543; x_wconf 83' lang='lat' dir='ltr'>insurgentes</span> <span class='ocrx_word' id='word_1_217' title='bbox 1333 4469 1362 4525; x_wconf 89' lang='lat' dir='ltr'>in</span> <span class='ocrx_word' id='word_1_218' title='bbox 1378 4483 1472 4526; x_wconf 75' lang='lat' dir='ltr'>mneos</span> <span class='ocrx_word' id='word_1_219' title='bbox 1485 4468 1616 4526; x_wconf 84' lang='lat' dir='ltr'>Zurnonis</span> <span class='ocrx_word' id='word_1_220' title='bbox 1630 4466 1787 4524; x_wconf 87' lang='lat' dir='ltr'>mareseeiei</span> <span class='ocrx_word' id='word_1_221' title='bbox 1797 4465 1874 4523; x_wconf 85' lang='lat' dir='ltr'>ducis</span> 
     </span>
     <span class='ocr_line' id='line_1_28' title="bbox 465 4563 1870 4639; baseline -0.004 -14"><span class='ocrx_word' id='word_1_222' title='bbox 465 4567 607 4625; x_wconf 80' lang='lat' dir='ltr'>bawariae</span> <span class='ocrx_word' id='word_1_223' title='bbox 619 4565 765 4639; x_wconf 85' lang='lat' dir='ltr'>hospitium</span> <span class='ocrx_word' id='word_1_224' title='bbox 782 4564 907 4621; x_wconf 87' lang='lat' dir='ltr'>Ludoviei</span> <span class='ocrx_word' id='word_1_225' title='bbox 920 4563 964 4621; x_wconf 89' lang='lat' dir='ltr'>iiiii</span> <span class='ocrx_word' id='word_1_226' title='bbox 983 4565 1068 4639; x_wconf 84' lang='lat' dir='ltr'>ipsios</span> <span class='ocrx_word' id='word_1_227' title='bbox 1082 4566 1159 4623; x_wconf 82' lang='lat' dir='ltr'>(ineis</span> <span class='ocrx_word' id='word_1_228' title='bbox 1175 4567 1343 4637; x_wconf 81' lang='lat' dir='ltr'>invaserant,</span> <span class='ocrx_word' id='word_1_229' title='bbox 1362 4567 1471 4624; x_wconf 61' lang='lat' dir='ltr'>&amp;varis</span> <span class='ocrx_word' id='word_1_230' title='bbox 1484 4567 1645 4638; x_wconf 84' lang='lat' dir='ltr'>quibusdam</span> <span class='ocrx_word' id='word_1_231' title='bbox 1662 4563 1809 4622; x_wconf 75' lang='lat' dir='ltr'>ulnmatis</span> <span class='ocrx_word' id='word_1_232' title='bbox 1821 4579 1870 4622; x_wconf 87' lang='lat' dir='ltr'>sen</span> 
     </span>
     <span class='ocr_line' id='line_1_29' title="bbox 465 4661 1871 4738; baseline -0.004 -14"><span class='ocrx_word' id='word_1_233' title='bbox 465 4667 546 4724; x_wconf 85' lang='lat' dir='ltr'>etiam</span> <span class='ocrx_word' id='word_1_234' title='bbox 559 4663 664 4722; x_wconf 83' lang='lat' dir='ltr'>occisis.</span> <span class='ocrx_word' id='word_1_235' title='bbox 679 4663 755 4734; x_wconf 86' lang='lat' dir='ltr'>Quae</span> <span class='ocrx_word' id='word_1_236' title='bbox 768 4661 902 4720; x_wconf 83' lang='lat' dir='ltr'>discordia</span> <span class='ocrx_word' id='word_1_237' title='bbox 914 4678 964 4738; x_wconf 90' lang='lat' dir='ltr'>per</span> <span class='ocrx_word' id='word_1_238' title='bbox 976 4663 1076 4720; x_wconf 85' lang='lat' dir='ltr'>litteras</span> <span class='ocrx_word' id='word_1_239' title='bbox 1089 4663 1227 4720; x_wconf 88' lang='lat' dir='ltr'>oblivionis</span> <span class='ocrx_word' id='word_1_240' title='bbox 1240 4671 1297 4721; x_wconf 90' lang='lat' dir='ltr'>tum</span> <span class='ocrx_word' id='word_1_241' title='bbox 1310 4681 1326 4722; x_wconf 87' lang='lat' dir='ltr'>a</span> <span class='ocrx_word' id='word_1_242' title='bbox 1339 4664 1482 4735; x_wconf 87' lang='lat' dir='ltr'>ludovico,</span> <span class='ocrx_word' id='word_1_243' title='bbox 1497 4669 1556 4720; x_wconf 90' lang='lat' dir='ltr'>turn</span> <span class='ocrx_word' id='word_1_244' title='bbox 1569 4679 1584 4720; x_wconf 84' lang='lat' dir='ltr'>a</span> <span class='ocrx_word' id='word_1_245' title='bbox 1599 4665 1721 4720; x_wconf 84' lang='lat' dir='ltr'>Zurnone</span> <span class='ocrx_word' id='word_1_246' title='bbox 1734 4662 1791 4735; x_wconf 87' lang='lat' dir='ltr'>ipso</span> <span class='ocrx_word' id='word_1_247' title='bbox 1802 4677 1871 4720; x_wconf 89' lang='lat' dir='ltr'>eon·</span> 
     </span>
     <span class='ocr_line' id='line_1_30' title="bbox 464 4759 1686 4837; baseline -0.006 -15"><span class='ocrx_word' id='word_1_248' title='bbox 464 4763 553 4824; x_wconf 77' lang='lat' dir='ltr'>tectas</span> <span class='ocrx_word' id='word_1_249' title='bbox 563 4759 919 4837; x_wconf 65' lang='lat' dir='ltr'>superinruentium.</span> <span class='ocrx_word' id='word_1_250' title='bbox 939 4761 1067 4818; x_wconf 80' lang='lat' dir='ltr'>Womot.</span> <span class='ocrx_word' id='word_1_251' title='bbox 1083 4777 1127 4836; x_wconf 88' lang='lat' dir='ltr'>ap.</span> <span class='ocrx_word' id='word_1_252' title='bbox 1140 4761 1285 4834; x_wconf 75' lang='lat' dir='ltr'>bomne,</span> <span class='ocrx_word' id='word_1_253' title='bbox 1300 4763 1410 4833; x_wconf 65' lang='lat' dir='ltr'>Fenus,</span> <span class='ocrx_word' id='word_1_254' title='bbox 1426 4768 1448 4818; x_wconf 89' lang='lat' dir='ltr'>t.</span> <span class='ocrx_word' id='word_1_255' title='bbox 1462 4762 1498 4833; x_wconf 88' lang='lat' dir='ltr'>li,</span> <span class='ocrx_word' id='word_1_256' title='bbox 1512 4778 1541 4835; x_wconf 91' lang='lat' dir='ltr'>p.</span> <span class='ocrx_word' id='word_1_257' title='bbox 1556 4762 1686 4817; x_wconf 78' lang='lat' dir='ltr'>tto-tei.</span> 
     </span>
    </p>
   </div>
   <div class='ocr_carea' id='block_1_10' title="bbox 0 0 2160 5908">
    <p class='ocr_par' dir='ltr' id='par_1_10' title="bbox 0 0 2160 5908">
     <span class='ocr_line' id='line_1_31' title="bbox 0 0 2160 5908; baseline 0 12"><span class='ocrx_word' id='word_1_258' title='bbox 0 0 2160 5908; x_wconf 95' lang='lat' dir='ltr'> </span> 
     </span>
    </p>
   </div>
  </div>
 </body>
</html>
