4300 5916
509 544 571 608 886
935 601 939 608 .
1035 546 1219 610 couleur
1244 547 1397 623 Quaeri
1726 545 1810 626 [im.
1827 546 1916 610 tete.

594 703 699 783 (Edld.
713 703 937 778 churrowsun
956 703 1054 767 Gcrcit.
1069 705 1118 768 der
1130 705 1429 804 Haeo-Hatrlsrp
1443 712 1468 768 i.
1484 708 1513 780 1,
1525 711 1633 786 regesi.
1648 715 1682 766 n·
1703 713 1731 778 1,
1744 723 1773 782 p.
1791 714 1865 781 ibe,
1879 723 1917 768 ex

631 811 767 892 originali
781 817 816 873 ut
829 812 937 874 dicitur
949 815 982 873 in
994 814 1116 876 archivo
1128 815 1368 891 vindobonensi,
1385 814 1465 877 unde
1478 813 1609 894 sigillum
1621 811 1791 891 pendebat.)

560 970 751 1060 Gouradus,
769 971 832 1042 Dei
852 972 963 1064 gretia
978 973 1213 1048 Romanorum
1234 975 1271 1046 in
1287 996 1405 1068 regem
1428 975 1574 1064 eiectus,
1596 993 1735 1068 semper
1752 982 1920 1066 augrrstus

512 1094 712 1168 Jemsolime
735 1106 771 1168 et
791 1095 905 1168 Sicilie
924 1119 988 1170 rex
1008 1094 1099 1196 (sic).
1123 1101 1256 1173 Tenere
1279 1075 1493 1195 presentium
1515 1107 1638 1171 uotum
1661 1097 1921 1170 essevolumus

512 1217 683 1290 universis
708 1227 779 1290 tam
804 1220 1023 1314 presentibus
1047 1241 1153 1315 quem
1178 1223 1303 1295 iulans
1326 1222 1422 1316 quod
1441 1243 1507 1294 nos
1531 1221 1751 1294 attendentes
1772 1241 1861 1316 pura
1885 1230 1921 1292 et

512 1351 611 1436 grata
630 1340 711 1414 fidei
726 1342 849 1414 merita
867 1364 937 1436 que
956 1365 1072 1416 comes
1084 1345 1254 1418 liudolfus
1269 1346 1315 1418 de
1330 1343 1570 1435 Habesburcb,
1589 1343 1802 1438 lantgravius
1819 1343 1920 1416 Alsa·

513 1465 574 1554 tie,
593 1464 741 1537 dilectus
754 1465 931 1538 familiaris
949 1477 985 1539 et
1002 1466 1117 1541 fidelis
1130 1480 1262 1560 noster,
1280 1469 1423 1542 culmini
1438 1479 1559 1541 nostro
1574 1468 1734 1540 exhibuit
1751 1477 1869 1561 etque
1884 1466 1920 1538 in

513 1596 617 1659 antee
636 1587 680 1660 de
700 1587 793 1662 bono
808 1589 847 1661 in
864 1590 987 1662 meiius
1007 1591 1174 1666 exhibere
1191 1595 1318 1689 poterit
1338 1593 1507 1687 gratiora,
1526 1602 1567 1664 ut
1587 1592 1751 1664 continua
1769 1613 1832 1664 sue
1847 1611 1919 1662 ser·

512 1712 598 1784 viiia
629 1712 844 1786 liberalitatis
873 1725 991 1787 nostre
1014 1717 1162 1808 gratiam
1190 1738 1329 1814 semper
1354 1717 1481 1789 sentiet
1503 1713 1592 1812 (sic)¹
1605 1716 1650 1788 ab
1668 1715 1812 1814 ellectu,
1841 1735 1919 1786 ecee

514 1835 713 1908 theloneum
729 1837 825 1931 apud
837 1837 1082 1912 Vroudeuowe
1095 1840 1253 1936 predicto
1268 1839 1386 1914 comiti
1397 1840 1440 1912 ii.
1457 1840 1623 1913 duximus
1637 1838 1915 1928 concedendum3

514 1961 562 2032 ita
579 1960 675 2054 quod
691 1961 736 2032 de
754 1982 876 2033 souma
894 1963 1023 2035 Gallica
1040 1973 1110 2036 tres
1132 1955 1251 2055 solidi,
1269 1964 1314 2037 de
1328 1985 1411 2036 vase
1427 1985 1554 2058 magno
1569 1963 1642 2036 vini
1667 1963 1802 2035 denarii
1821 1961 1919 2034 sede·

514 2085 601 2176 cim,
624 2085 669 2156 de
689 2106 794 2157 curru
817 2085 950 2158 denarii
974 2100 1054 2160 octo
1074 2098 1111 2161 et
1130 2089 1176 2162 de
1195 2089 1331 2162 sarcina
1355 2088 1460 2161 unius
1479 2087 1560 2184 equi
1577 2087 1711 2160 denarii
1734 2086 1805 2159 duo
1826 2083 1919 2157 lissi·

513 2209 632 2280 iieusis
657 2217 796 2281 monete
821 2209 952 2302 jugiter
974 2214 1214 2285 exsolvantur.
1240 2211 1297 2286 Ad
1311 2213 1419 2305 cujus
1444 2211 1495 2284 rei
1516 2211 1718 2284 memoriam
1745 2218 1920 2306 presentes

516 2331 648 2404 littores
661 2332 774 2424 sigilio
787 2343 906 2406 nostro
920 2334 1065 2408 lecimus
1077 2315 1298 2409 communiri.

564 2458 691 2528 Datum
712 2457 807 2552 apud
826 2457 1084 2548 Nurembereh,
1103 2481 1197 2533 auno
1220 2458 1357 2532 Domini
1376 2459 1559 2532 millesimo
1574 2459 1636 2532 CC.
1656 2455 1918 2551 quadragesimo

515 2601 622 2671 nouo,
643 2577 793 2678 [mense]
811 2591 975 2675 augusto,
992 2595 1113 2656 octavo
1127 2583 1325 2656 indictionis
1338 2581 1404 2680 (i).

574 3169 790 3276 Connadus,
811 3169 851 3250 in
873 3169 1136 3254 Romanorum
1161 3172 1469 3282 regemelectus,
1490 3197 1560 3282 pro
1583 3171 1704 3282 gratis
1727 3170 1816 3255 fidei
1834 3195 1920 3256 me-

518 3302 601 3384 ritis
621 3301 773 3386 liudolfi
795 3303 843 3385 de
860 3301 1086 3414 Hebesburg
1103 3304 1305 3416 lantgravii
1328 3304 1510 3414 Alsaliae,
1529 3304 1565 3388 ei
1586 3305 1806 3390 theloneum
1828 3305 1922 3388 inter

518 3435 634 3520 colles
652 3445 689 3518 et
705 3435 825 3520 Rheni
848 3435 1009 3520 flauum
1026 3437 1207 3520 mnoedit.

602 3649 725 3729 (Inedit.
749 3667 788 3712 ex
812 3651 948 3731 originali
965 3657 1000 3713 ut
1019 3652 1123 3715 mount
1142 3655 1174 3712 in
1198 3652 1319 3714 archivo
1342 3651 1442 3715 essu.
1465 3651 1650 3732 vindobon,
1666 3651 1747 3730 quod
1771 3651 1921 3714 nobiseum

639 3758 737 3818 clarus
750 3759 797 3818 vir
807 3763 837 3818 et
847 3760 959 3818 amicus
972 3755 1151 3818 Boehmerus
1164 3757 1417 3838 communicavit)
1657 3755 1660 3760 ’

568 3944 759 4035 Conradus,
775 3945 839 4016 Dei
852 3944 970 4036 gracia
987 3945 1221 4018 Romanorum
1236 3945 1273 4015 in
1289 3966 1407 4039 regem
1424 3947 1572 4038 electus,
1590 3967 1728 4042 semper
1743 3955 1923 4040 augrrstus,

518 4069 710 4142 Jerusalem
737 4079 772 4140 et
796 4067 912 4141 Sicilie
934 4088 1000 4139 rex
1022 4065 1111 4164 (sic).
1135 4069 1269 4142 Terrore
1291 4069 1505 4164 presentium
1525 4079 1647 4144 uotum
1668 4090 1744 4142 esse
1765 4072 1925 4143 velumus

556 4346 594 4419 (i)
612 4347 694 4404 Recte
708 4351 800 4404 tamen
815 4347 924 4420 septime
937 4344 1105 4404 r'adr'etr'orrr's.
1120 4347 1195 4405 Licet
1212 4347 1249 4406 sd
1267 4347 1348 4406 fidem
1365 4348 1499 4422 originalis
1513 4303 1924 4422 instrumentum-depromptum

519 4457 580 4501 esee
592 4443 706 4514 dicatur,
718 4442 832 4500 libenter
845 4441 1014 4517 suspicamur
1027 4442 1055 4499 id
1067 4460 1119 4500 non
1133 4460 1192 4501 esse
1205 4443 1284 4518 plene
1297 4443 1454 4518 genuinum.
1468 4446 1507 4502 lis
1521 4445 1606 4504 titulis
1616 4443 1730 4503 Ccnrsdi
1745 4445 1816 4517 regis
1829 4442 1924 4500 meiius

518 4553 590 4598 anuo
604 4541 668 4596 teti
685 4539 852 4613 conveniret,
878 4556 932 4614 quo
945 4539 988 4598 vir
999 4539 1051 4598 iste
1062 4540 1188 4614 princeps
1199 4556 1293 4600 meuse
1306 4547 1419 4616 augusto
1432 4542 1503 4618 apud
1514 4542 1685 4616 Nurembcrg
1695 4541 1844 4599 cerliaeime
1854 4554 1923 4598 oom-

516 4643 638 4696 moratus
652 4641 704 4694 est.
