4306 5914
532 661 594 723 660
1032 657 1247 718 Flillililllcl
1271 655 1444 717 suenum
1752 656 1834 739 [Suu.
1852 657 1939 722 1248.

581 797 693 889 Hujus
710 796 760 868 rei
781 803 886 868 testes
907 803 988 866 sunt
1006 791 1206 865 Manfredus
1226 789 1380 862 marchio
1399 791 1547 881 lancea,
1563 789 1711 863 lacobus
1727 791 1881 865 marchio
1898 792 1942 866 de

533 923 688 994 Carretto
706 920 854 993 dilectus
873 940 982 1010 gener
999 927 1129 1007 noster,
1146 915 1267 987 Petrus
1283 913 1327 985 de
1342 912 1498 985 Calabria
1521 914 1721 986 marescalie
1736 925 1853 986 nostre
1869 936 1943 986 ma·

533 1045 653 1138 gister,
671 1044 793 1114 Petrus
811 1043 856 1114 de
877 1042 985 1114 Vinea
1009 1039 1087 1110 aule
1109 1047 1227 1110 nostre
1241 1035 1527 1132 prothonotarius
1544 1047 1579 1108 et
1594 1038 1691 1130 regni
1712 1038 1825 1110 Sicilie
1845 1039 1942 1131 logo·

535 1167 645 1256 theta,
664 1167 851 1240 lliccardus
878 1165 923 1238 de
947 1163 1164 1254 Montenigro
1186 1181 1310 1253 magne
1333 1161 1428 1233 curio
1454 1170 1571 1233 nostre
1596 1161 1761 1254 magister
1782 1161 1939 1254 justicia·

533 1289 674 1388 rius(a),
691 1291 855 1383 magister
870 1286 1066 1360 Gualterius
1079 1285 1124 1358 de
1140 1286 1229 1358 Ocra
1241 1285 1449 1358 venerabilis
1461 1285 1642 1381 Capuanus
1658 1286 1801 1377 electus,
1819 1284 1940 1358 fideles

533 1414 656 1503 nostri,
672 1424 708 1486 et
719 1413 778 1484 alii
794 1413 1030 1507 quamplures.

583 1539 726 1631 Signum
740 1536 872 1609 domini
888 1537 997 1609 nostri
1013 1533 1177 1606 Friderici
1193 1533 1338 1606 secundi
1352 1532 1415 1606 Dei
1425 1533 1537 1625 gratia
1550 1532 1763 1604 invictissimi
1774 1533 1942 1605 llomano-

535 1683 612 1732 rum
624 1661 839 1757 imperatoris
848 1681 987 1755 semper
995 1657 1147 1751 augusti,
1158 1658 1344 1730 Ierusalem
1356 1667 1391 1729 et
1404 1657 1517 1728 Sicilie
1534 1656 1637 1748 regis.
1653 1652 1941 1752 (llorroprommu.)

581 1784 670 1857 Acta
683 1795 765 1856 sunt
778 1783 843 1857 bec
856 1805 949 1856 anno
963 1782 1136 1856 dominice
1153 1780 1398 1854 incarnationis
1412 1779 1594 1852 millesimo
1609 1780 1846 1852 ducentesimo
1859 1801 1943 1873 qua·

534 1909 729 2000 dragesimo
759 1918 902 1997 octavo,
932 1927 1052 1979 mense
1082 1906 1298 1997 novembris,
1333 1903 1478 1999 septime
1504 1902 1720 1994 indictionis,
1749 1904 1941 1999 imperante

534 2033 676 2105 domino
709 2042 827 2105 nostro
859 2030 1032 2104 Friderico
1064 2030 1127 2102 Dei
1158 2029 1268 2122 gratia
1299 2030 1532 2100 Romanorum
1568 2027 1775 2122 imperatore
1806 2048 1943 2122 semper

394 2223 397 2232 .
532 2165 699 2250 augusto,
717 2157 907 2228 Jerusalem
925 2165 960 2227 et
981 2154 1094 2226 Sicilie
1119 2174 1220 2248 rege,
1239 2151 1374 2246 imperii
1398 2152 1473 2244 ejus
1495 2173 1589 2224 anno
1610 2151 1773 2224 vicesimo
1798 2160 1938 2244 coevo,

534 2282 633 2376 regni
648 2282 841 2353 Jerusalem
857 2279 1021 2352 vicesimo
1037 2277 1156 2369 tercio,
1175 2277 1273 2370 regni
1286 2297 1371 2348 vero
1388 2275 1503 2347 Sicilie
1518 2275 1818 2368 quinquagesimo,
1837 2275 1944 2350 felici-

534 2414 600 2476 ter.
617 2403 743 2476 Amen.

583 2529 710 2600 Datum
725 2527 903 2616 Vercellis,
922 2547 1028 2616 anno,
1047 2547 1180 2615 mense,
1199 2523 1386 2596 indictione
1400 2521 1610 2618 prescriptis.

589 3077 821 3180 Fridericns‚
853 3074 1112 3158 Romanorum
1147 3073 1367 3182 imperator,
1396 3070 1526 3156 comiti
1555 3071 1758 3155 Thomasio
1792 3072 1840 3154 de
1869 3071 1945 3154 Sa-

535 3211 677 3296 baudia
703 3221 740 3294 et
766 3208 855 3290 filiis
888 3206 970 3316 ejus
999 3205 1178 3316 legitimis
1211 3205 1409 3314 utriusque
1443 3229 1555 3286 sexus
1583 3204 1874 3314 inperpetuum
1902 3204 1943 3286 iu

534 3355 678 3428 rectum
707 3342 865 3425 feudum
893 3340 1058 3424 Mentem
1085 3337 1273 3421 Galerium
1304 3348 1343 3421 et
1370 3337 1546 3420 Castrum
1570 3336 1686 3420 Vetus
1708 3361 1797 3419 cum
1823 3336 1945 3420 ratio-

536 3477 649 3561 nibus
671 3474 852 3561 omnibus
881 3482 919 3556 et
942 3471 1177 3582 pertinentiis
1199 3470 1389 3578 concedit,
1410 3469 1483 3554 sub
1500 3470 1575 3554 fide
1601 3469 1770 3580 homagii
1786 3469 1946 3581 imperio

534 3609 709 3692 faciendi.

617 3820 767 3900 (lldltmp.
777 3819 851 3879 ilict.
863 3824 947 3898 potr.
965 3833 1107 3896 monum,
1122 3813 1229 3888 ciart,
1240 3821 1263 3874 t.
1275 3814 1303 3892 I,
1316 3831 1348 3892 p.
1366 3820 1547 3886 1997-1999,
1559 3819 1681 3874 curante
1689 3811 1725 3874 P.
1738 3811 1872 3873 Dattaex
1882 3813 1942 3873 orl·

655 3930 717 4005 giu.
731 3929 764 3986 ln
783 3925 864 3987 arch.
879 3925 1014 3998 Taurin,
1030 3923 1101 3982 inse.
1116 3923 1147 3995 1,
1163 3929 1195 3981 n⁰
1212 3929 1265 3998 113
1280 3919 1360 3997 quod
1376 3919 1474 3980 denno
1486 3919 1681 3980 transcribere
1694 3933 1942 3995 supervacaneum

654 4032 811 4102 (luximus,
827 4047 896 4090 curn
915 4029 1102 4107 privilegium
1115 4025 1246 4104 ejusdem
1261 4027 1371 4085 leucus
1383 4041 1418 4085 ac
1435 4027 1467 4084 ln
1482 4025 1673 4102 praecedento
1690 4025 1866 4084 documento
1885 4025 1940 4095 slt,

655 4137 831 4216 qulbnsdam
843 4144 960 4197 tantum
974 4136 1097 4195 mutatis
1109 4149 1167 4210 qne
1180 4139 1251 4192 sunt
1262 4134 1328 4204 lte.)

585 4325 623 4396 ln
649 4323 788 4395 nomine
819 4334 937 4395 sancte
962 4333 998 4394 et
1019 4319 1197 4393 individue
1222 4316 1414 4408 Trinitatis,
1430 4316 1634 4389 Fredericus
1655 4313 1846 4406 secundus,
1871 4323 1941 4386 etc.

537 4449 769 4520 Romanorum
804 4446 969 4542 principis
1007 4445 1212 4533 dexteram,
1249 4451 1303 4512 etc
1307 4491 1557 4513 .......
1590 4438 1750 4510 inantea
1773 4436 1941 4530 gratiora,

536 4569 690 4642 lilontem
707 4570 898 4660 Galerium,
919 4579 1062 4665 pontem
1088 4567 1196 4663 ipsius
1217 4563 1323 4658 [cum]
1345 4562 1537 4636 munitione
1558 4572 1593 4635 et
1615 4573 1709 4635 turre
1730 4559 1886 4654 ejusdem
1909 4571 1945 4634 et

580 4756 622 4836 (a)
645 4759 680 4817 lu
693 4759 837 4836 impresso
853 4757 1058 4830 baiamons,
1070 4757 1135 4816 sine
1145 4753 1237 4816 dublo
1249 4770 1288 4814 ex
1301 4755 1490 4815 arumnensis
1499 4754 1665 4816 munuc.
