4310 5908
514 593 574 654 780
958 634 962 644 ·
1010 595 1224 656 rarnalucl
1248 585 1422 657 sacuam
1729 596 1810 681 [Ara.
1829 597 1916 660 1250.

516 723 752 808 Gualterium
770 725 818 808 de
841 725 974 809 Palear
998 725 1174 810 comitem
1201 728 1249 810 de
1270 726 1487 836 Manupello
1508 736 1546 810 et
1572 727 1668 811 saori
1690 728 1838 838 imperii
1861 731 1918 836 [in

514 855 694 962 llarohia]
720 857 904 941 vinarium
933 859 1151 968 generalem
1175 858 1316 942 civitati
1343 859 1550 943 Fermanae
1574 859 1674 944 faeta
1700 861 1914 946 confirmat.

563 1097 573 1122 ·
594 1071 763 1151 (Memorat.
777 1091 826 1152 ap.
839 1074 999 1155 Bonam,
1014 1075 1126 1158 nepot.
1142 1076 1259 1155 imper„
1273 1075 1495 1136 unelnrelhlraro
1509 1075 1624 1149 stnekr,
1637 1092 1668 1152 p.
1684 1075 1845 1155 Lxxxv.)

462 1316 465 1322 ,
515 1271 518 1277 “
562 1261 688 1332 Datum
711 1261 748 1331 in
763 1261 894 1356 eampis
911 1281 1020 1356 prope
1036 1261 1164 1332 lacum
1183 1259 1354 1333 Pensilem
1371 1257 1439 1357 (l),
1456 1281 1550 1334 anno
1572 1260 1743 1334 dominice
1758 1261 1917 1342 incarner

514 1384 618 1456 tionis
633 1384 743 1458 MCCL
745 1435 1118 1458 ..........

568 1969 769 2053 Gervasius
785 1970 834 2052 de
850 1969 1027 2073 Martios,
1048 1967 1254 2078 imperialis
1267 1968 1495 2077 justitiarius
1514 1968 1772 2078 Capitanatae,
1787 1969 1918 2076 vigore

514 2102 721 2211 imperialis
740 2101 910 2184 mandati
932 2101 1042 2210 eujus
1060 2111 1168 2185 tenor
1190 2102 1383 2208 inseritur,
1405 2101 1583 2185 Centenio
1610 2101 1795 2210 imperiali
1821 2125 1916 2182 eas-

512 2234 655 2316 tellano
688 2233 822 2343 Trojae
846 2244 884 2317 et
907 2233 1025 2342 judici
1054 2233 1219 2317 Sealioni
1246 2235 1294 2316 de
1323 2234 1441 2342 Fogia
1465 2234 1623 2316 mandat
1649 2247 1692 2316 ut
1715 2232 1916 2342 hospitalia

515 2391 613 2478 quae
631 2363 769 2449 domus
790 2367 917 2449 Sancti
939 2367 1121 2450 Johannis
1138 2367 1461 2475 Jemsolymitani,
1483 2368 1755 2450 monasterium
1779 2367 1916 2450 Montis

513 2498 680 2610 Virginis
702 2510 740 2581 et
761 2500 900 2582 domus
928 2499 1057 2582 Sancti
1085 2499 1255 2609 Sepulori
1281 2497 1424 2581 habent
1450 2499 1490 2580 in
1517 2498 1649 2609 ijs,
1668 2499 1915 2583 nonulterius

514 2631 734 2740 molestent,
757 2632 811 2714 ita
835 2639 962 2713 temen
988 2631 1093 2741 quod
1118 2632 1268 2714 nullum
1297 2633 1527 2715 monachum
1549 2632 1608 2714 vel
1635 2631 1843 2716 oonlratres
1867 2633 1915 2717 de

514 2763 626 2874 Troja
644 2764 849 2870 [oriundos]
867 2789 1061 2846 remanere
1079 2763 1119 2844 in
1137 2763 1314 2847 domibus
1337 2763 1429 2872 ipsis
1447 2764 1678 2874 permittant.

595 2978 717 3058 (laedit.
735 2995 772 3040 ex
785 2979 868 3039 arch.
883 2987 1011 3040 monast.
1026 2979 1136 3040 Montis
1149 2980 1247 3059 Vlrp.²
1262 2995 1299 3040 ex
1313 2997 1444 3059 pergam.
1460 2983 1579 3060 origin,
1593 2990 1627 3042 rr
1641 2991 1692 3060 ta,
1708 2983 1768 3043 rol.
1787 2981 1867 3060 12⁴.)
1893 2947 1905 3017 Ι·

562 3169 602 3238 In
616 3167 757 3239 nomine
769 3167 905 3239 Domini
921 3168 1030 3240 nostri
1042 3168 1148 3240 Jhesu
1160 3166 1281 3240 Christi
1292 3188 1405 3260 ,anno
1414 3169 1660 3242 incarnationis
1674 3168 1830 3262 ejusdem
1841 3169 1916 3264 mil·

513 3291 636 3364 lesimo
647 3291 884 3389 ducentesimo
892 3292 1192 3387 quinquagesimo,
1204 3291 1395 3387 imperanto
1406 3313 1489 3365 vero
1503 3293 1645 3366 domino
1660 3303 1780 3366 nostro
1792 3293 1915 3388 Frede

515 3416 585 3512 rico
598 3415 661 3488 Dei
675 3417 785 3512 gratia
795 3415 1020 3489 invictissimo
1035 3418 1268 3490 Romanorum
1284 3417 1493 3512 imperatore
1503 3403 1914 3514 semperaugnsto,anno

514 3539 703 3630 tricesimo,
731 3540 829 3632 regni
858 3541 1042 3610 Ierusalem
1064 3561 1157 3612 enno
1179 3539 1343 3612 vicesimo
1365 3541 1488 3635 quinto
1503 3551 1540 3614 et
1559 3542 1658 3635 regni
1682 3543 1796 3615 Sieilie
1820 3564 1913 3617 anno

513 3664 801 3759 quinquagesimo
822 3663 943 3753 tertio,
964 3663 1021 3736 die
1037 3664 1156 3736 martis
1172 3664 1324 3737 secundo
1345 3665 1473 3736 mensis
1488 3667 1646 3759 augusti,
1663 3677 1787 3740 notave
1802 3666 1913 3740 indie·

515 3789 637 3880 tionis,
657 3787 751 3883 apud
766 3787 920 3877 Troiam,
937 3810 1000 3858 nos
1014 3787 1182 3858 Minerrus
1198 3787 1384 3883 imperialis
1399 3789 1502 3882 Fogie
1512 3789 1626 3882 judex
1642 3799 1678 3862 at
1689 3791 1857 3883 Rogerins
1868 3791 1912 3864 de

513 3912 642 3985 Gallico
657 3911 814 4004 ejusdam
829 3921 865 3982 et
880 3911 1004 4006 Apulia
1014 3911 1180 4004 romnus,
1190 3912 1361 4007 presentis
1370 3911 1487 4008 scripti
1498 3913 1587 3984 serie
1595 3912 1811 3987 declaramus
1819 3915 1915 4008 quod

513 4035 686 4131 dompnus
700 4034 868 4108 Martinus
879 4035 1088 4108 venerabilis
1103 4034 1294 4107 monachus
1316 4035 1513 4108 monasterii
1529 4037 1654 4110 Sancte
1668 4037 1774 4109 Maria
1789 4037 1915 4112 Montis

383 4183 405 4237 .’
432 4179 434 4186 ’
509 4161 691 4254 virginum
711 4180 775 4254 pro
795 4169 894 4254 parte
918 4159 1026 4254 ipsius
1040 4159 1239 4245 monasterii
1257 4158 1399 4234 domino
1419 4160 1581 4235 Canterio
1601 4161 1770 4258 imperiali
1789 4162 1913 4234 castel·

380 4363 391 4370 Η
514 4284 593 4357 lano
614 4283 713 4355 Troie
732 4291 767 4354 et
786 4282 896 4375 judici
914 4281 1081 4355 Soalionis
1097 4283 1142 4354 do
1165 4275 1270 4375 Fogia
1283 4335 1780 4357 .............
1808 4306 1914 4380 super

513 4406 705 4481 custodiam
723 4417 832 4496 terre,
850 4406 979 4499 egregii
993 4405 1058 4478 viri
1074 4405 1205 4479 domini
1218 4407 1374 4482 Gervasii
1389 4407 1434 4481 de
1447 4409 1594 4482 Martiae
1609 4409 1796 4505 imperialis
1807 4409 1913 4502 justi·

538 4661 587 4789 ¹(t)
606 4712 711 4771 Soiliest
725 4717 798 4788 lopo
811 4710 908 4785 Peole,
924 4712 953 4768 in
965 4667 1117 4772 assiriam.
1203 4663 1207 4672 Δ
