4318 5904
503 609 506 618 ’
527 650 588 712 aaa
1076 645 1392 708 anstrannum.

610 811 706 890 (Edit.
719 826 769 886 ap.
784 808 829 870 lis
843 809 1014 882 cunum
1028 809 1106 870 Eiet.
1122 806 1158 868 dc
1172 805 1202 868 lc
1216 806 1288 871 arrae
1300 806 1349 870 der
1358 825 1451 889 papa
1465 814 1494 870 et
1508 805 1556 870 des
1568 825 1674 888 emper.
1691 806 1767 870 dala
1782 811 1892 872 maim
1902 809 1937 872 dc

647 913 770 990 Scucbc,
787 914 1061 991 2·edtr.,t.11,p.
1077 923 1149 990 455,
1165 915 1261 976 ecod.
1277 932 1343 976 orn.
1359 917 1417 976 riri
1431 915 1512 976 Petri
1525 915 1644 978 Setttml
1656 917 1798 994 prluclpls
1816 916 1937 978 Fitaliae

647 1023 727 1100 apud
741 1023 931 1098 Panormum,
944 1021 997 1082 lol.
1014 1029 1050 1082 61
1068 1020 1178 1100 verso.)

577 1181 875 1255 Excellentissimo
890 1181 1124 1253 llomanorum
1143 1181 1341 1276 imperatori
1358 1181 1552 1270 Friderieo,
1570 1181 1758 1254 Jerusalem
1773 1192 1809 1254 et
1823 1181 1934 1254 Sicilie

528 1310 619 1402 regi,
643 1309 682 1380 B.
709 1316 745 1378 et
771 1309 829 1396 1),
852 1305 917 1377 Dei
939 1304 1051 1400 gratia
1075 1303 1346 1400 archiepiscopi,
1372 1306 1518 1376 salntem
1537 1304 1634 1377 etad
1649 1325 1770 1400 pacem
1786 1306 1936 1377 Ecclesie

528 1431 705 1521 inclinari,
737 1442 773 1502 et
793 1451 856 1526 per
878 1428 944 1502 boc
968 1427 1114 1522 gratiam
1138 1427 1174 1499 in
1198 1429 1350 1521 presenti
1364 1439 1401 1501 et
1411 1428 1558 1522 gloriam
1573 1429 1738 1522 consequi
1756 1428 1933 1501 inlutum.

529 1557 566 1628 Si
588 1577 651 1651 per
678 1555 771 1626 diem
792 1563 828 1625 et
852 1564 990 1625 noctem
1011 1574 1147 1625 merore
1173 1553 1357 1644 allicimur,
1389 1553 1418 1625 si
1440 1552 1674 1626 cordanostra
1688 1552 1886 1647 prodolore
1903 1563 1937 1626 et

531 1680 667 1753 tristitia
697 1677 880 1767 deliciunt,
908 1677 937 1748 si
964 1677 1056 1750 oculi
1088 1677 1197 1749 nostri
1226 1675 1343 1750 llendo
1362 1677 1595 1750 obducuntur
1614 1678 1778 1769 caligine,
1796 1688 1936 1750 nonest

529 1804 669 1877 mirum.
698 1805 735 1876 ln
758 1823 904 1898 corpore
927 1802 1020 1874 enim
1053 1800 1194 1892 Christi,
1225 1801 1321 1895 quod
1342 1812 1396 1873 est
1413 1801 1587 1891 Ecclesia,
1615 1800 1799 1874 siclldeles
1812 1801 1935 1874 Christi

527 1929 643 2023 jungit
656 1927 741 2000 unio
755 1919 1397 2020 charitatisquod,sicutuuomemhro
1407 1926 1559 2022 patiente
1571 1936 1686 1998 cetera
1695 1927 1937 1999 membraoor-

530 2053 625 2148 poris
640 2052 836 2147 patiuntur,
856 2049 905 2121 sic
919 2049 1131 2121 inmemhris
1150 2050 1220 2120 suis
1232 2051 1422 2122 uonsolum
1432 2049 1776 2145 patituruniversalis
1786 2050 1939 2122 Ecclesia

531 2186 671 2264 nostra,
692 2171 781 2272 [sed]
798 2173 902 2244 etiam
917 2172 991 2267 ipse
1005 2172 1159 2244 Christus
1173 2173 1233 2266 qui
1246 2174 1322 2265 ejus
1334 2172 1550 2266 dignoscitur
1562 2195 1638 2246 esse
1651 2184 1773 2268 eaput,
1788 2173 1938 2266 quicum

531 2299 634 2371 nudie
657 2298 809 2388 nudum,
831 2318 912 2369 cum
930 2296 1151 2368 incarceratis
1173 2297 1422 2369 incarceratum
1443 2306 1479 2370 et
1501 2318 1580 2370 cum
1600 2297 1766 2370 famelicis
1780 2319 1819 2370 se
1835 2319 1938 2393 repu-

533 2421 733 2495 tatesurire.
744 2421 859 2504 Quare
872 2441 935 2492 uos
947 2421 1008 2513 qui
1020 2420 1112 2492 servi
1127 2430 1163 2492 et
1175 2421 1308 2492 utinam
1326 2421 1427 2492 utiles
1437 2420 1560 2494 Christi
1569 2443 1701 2512 sumus,
1717 2421 1939 2494 attendentes

531 2546 627 2639 quod
657 2544 873 2616 honorabilia
906 2544 1061 2615 membra
1088 2545 1259 2635 Ecclesia,
1286 2545 1357 2617 imo
1383 2544 1525 2634 Christi,
1545 2542 1708 2617 videlicet
1722 2545 1940 2617 venerabiles

445 2690 454 2702 ·
531 2681 650 2746 sancte
664 2672 817 2743 Romane
829 2669 982 2741 Ecclesia
998 2669 1205 2758 cardinales,
1221 2669 1483 2766 archiepiscopi,
1500 2671 1665 2766 episcopi,
1684 2671 1842 2762 abbates,
1861 2671 1940 2742 reli·

530 2795 617 2894 giesi
635 2805 670 2867 et
690 2795 913 2890 quamplures
938 2792 1003 2865 viri
1025 2792 1269 2885 ecclesiastici,
1295 2793 1355 2888 qui
1370 2793 1556 2890 superioris
1569 2795 1690 2866 arctati
1704 2792 1755 2892 (a)
1770 2795 1941 2890 preceptis

530 2903 595 3016 pro
610 2918 704 2991 bono
718 2917 935 3009 obedientie,
955 2940 1058 2991 omne
1077 2939 1192 2990 rerum
1216 2928 1251 2990 et
1268 2939 1495 3013 personarum
1515 2918 1707 3014 periculum
1723 2927 1941 3014 contempse·

531 3054 633 3134 runt,
661 3043 736 3114 sine
754 3043 857 3138 culpa
880 3064 944 3114 sua
966 3041 1157 3114 incarcere
1179 3041 1392 3134 detinentur,
1422 3064 1493 3115 non
1514 3063 1697 3140 possumus
1713 3064 1784 3115 non
1801 3041 1937 3132 dolere,

532 3187 746 3238 cumeorum
763 3165 902 3237 afflictio
917 3164 963 3236 ad
978 3165 1209 3236 universalem
1223 3165 1411 3237 Ecclesiam
1420 3187 1484 3260 per
1493 3165 1680 3260 quemdam
1693 3163 1942 3259 compassionis

532 3289 691 3384 spiritum
705 3287 893 3360 derivetur.
911 3287 996 3372 Quis
1014 3287 1106 3358 enim
1126 3287 1282 3360 dolorem
1296 3288 1532 3384 supprimere,
1550 3287 1628 3381 quis
1643 3287 1810 3381 gemitum
1825 3289 1942 3360 occul·

533 3423 625 3502 tare‚
641 3412 719 3506 quis
732 3411 890 3483 lacrimas
915 3410 1133 3484 dissimulare
1156 3413 1273 3484 valeat
1297 3413 1334 3485 in
1359 3411 1426 3486 hoc
1449 3424 1541 3485 statu
1560 3413 1596 3484 in
1610 3433 1681 3505 quo
1696 3411 1793 3484 dolet
1808 3411 1938 3500 clerus,

532 3539 743 3608 lamentatur
761 3534 902 3627 religio,
921 3537 1070 3630 populus
1083 3547 1117 3607 et
1133 3536 1295 3608 nobilitas
1310 3537 1519 3608 anxiantur?
1533 3536 1610 3609 Non
1623 3535 1717 3608 enim
1733 3543 1850 3630 potest
1865 3555 1940 3606 om·

533 3659 630 3731 nium
661 3679 796 3730 merore
827 3680 896 3731 uon
923 3659 1060 3753 plangi,
1090 3659 1186 3753 quod
1212 3660 1442 3732 communiter
1466 3659 1668 3732 medullitus
1682 3679 1804 3732 omnes
1818 3657 1939 3751 tangit.

533 3783 641 3877 lgitur
657 3804 728 3855 nou
745 3781 917 3854 immerito
932 3782 1014 3854 tacti
1031 3782 1152 3855 dolore
1163 3782 1277 3855 cordis
1291 3783 1498 3856 intrinsecus
1513 3804 1555 3855 ec
1568 3783 1721 3876 graviter
1731 3781 1849 3855 animo
1864 3803 1944 3854 con·

533 3907 679 3980 stemeti
693 3917 756 4002 pro
775 3925 817 3978 eo
837 3905 933 3998 quod
946 3904 982 3976 in
999 3925 1120 3978 eorum
1135 3905 1319 3978 afflictione
1336 3907 1372 3977 in
1395 3907 1526 3979 luctum
1540 3927 1730 3978 conversus
1748 3913 1801 3976 est
1816 3902 1943 3977 chorus

533 4043 666 4121 noster,
686 4030 732 4102 ad
756 4029 1000 4102 excellentiam
1026 4029 1215 4121 mejestatis
1241 4040 1358 4102 vestre
1374 4031 1526 4102 clamare
1539 4029 1696 4122 cogimur
1710 4037 1746 4100 et
1761 4047 1824 4124 pre
1839 4026 1943 4098 nimia

534 4155 649 4230 cordis
673 4153 904 4226 amaritudine
927 4153 1084 4225 emittere
1105 4154 1274 4242 ululatum
1301 4154 1483 4248 presertim
1508 4175 1588 4226 cum
1603 4152 1711 4250 pedes
1724 4160 1941 4238 sanctorum,

534 4281 595 4376 qui
617 4279 663 4351 ad
683 4277 909 4370 Evangelinm
933 4276 1069 4349 Domim
1090 4277 1234 4349 calceati
1261 4298 1337 4350 esse
1363 4277 1573 4370 debuerant,
1589 4275 1817 4348 humilientur
1829 4293 1944 4346 carce·

534 4405 650 4493 ribus,
668 4413 704 4476 et
725 4401 812 4496 ipsi,
829 4401 928 4494 quasi
948 4422 1019 4473 nou
1038 4410 1154 4474 essent
1166 4399 1261 4472 uncti
1276 4399 1466 4496 pontificali
1481 4403 1578 4490 oleo,
1592 4399 1680 4497 proh
1697 4395 1814 4472 dolori
1834 4396 1942 4493 capti·

533 4533 672 4598 ventur.
716 4523 931 4616 Maiestatem
969 4522 1075 4615 igitur
1109 4522 1323 4618 imperialem
1367 4533 1486 4596 tenore
1516 4523 1730 4620 presentium
1761 4539 1942 4614 mamus,

577 4749 618 4832 (a)
640 4752 676 4813 ln
690 4751 790 4814 codice
802 4752 914 4831 meari,
931 4751 982 4814 sed
996 4753 1094 4830 potius
1105 4752 1199 4814 artati
1212 4768 1266 4832 pro
1278 4753 1398 4815 arctati
