4306 5914
199 617 373 693 1333333]
658 612 857 676 HISTORIA
879 612 1175 676 btrtoutrtca
1556 619 1617 684 '119

201 761 329 823 nostre
346 759 450 844 capto
467 756 504 821 31
518 747 620 821 bonis
640 748 715 843 ejus
733 748 894 821 omnibus
909 746 1094 840 1311333113,
1110 749 1237 824 domus
1250 759 1286 824 et
1302 751 1370 823 alie
1392 772 1448 824 333
1462 753 1618 848 predicte

207 873 258 947 ad
285 894 410 947 manus
438 872 535 946 curie
561 882 679 946 nostre
709 895 789 945 cum
810 872 912 946 bonis
933 873 1010 946 aliis
1032 872 1190 966 ejusdem
1210 873 1338 948 Taliun'
1364 888 1625 972 pervenerunt,

211 999 305 1071 sicut
329 997 467 1089 dicunt,
487 1018 546 1069 eas
561 996 646 1092 ipsis
666 996 801 1069 restitui
820 1007 890 1069 tarn
906 999 1001 1090 juste
1023 1019 1130 1092 quarn
1147 999 1415 1072 misericorditer
1438 1001 1620 1075 mandare-

213 1143 306 1214 mus,
320 1122 474 1194 maxime
488 1143 570 1193 curn
585 1121 653 1194 3113
667 1121 761 1194 bona
773 1130 967 1194 conventus
981 1120 1138 1214 ejusdem
1152 1144 1217 1196 nos
1232 1124 1278 1196 ad
1291 1144 1380 1219 opus
1395 1125 1489 1197 curie
1501 1137 1619 1198 nostre

215 1247 311 1319 velut
332 1247 425 1320 bona
445 1244 576 1318 fiscalia
599 1265 662 1318 seu
679 1245 727 1317 ad
746 1267 835 1340 opus
854 1244 937 1317 dicti
962 1246 1162 1318 monasterii
1187 1245 1320 1320 dudum
1338 1247 1620 1322 mandaverimus

216 1370 405 1466 procurari.
435 1370 507 1442 Nos
531 1369 648 1464 itaque
673 1367 794 1442 liscum
819 1379 977 1443 nostrum
1002 1391 1082 1441 cum
1111 1369 1226 1443 aliena
1251 1371 1391 1465 jactura
1416 1373 1620 1467 locupletari

216 1495 392 1586 nolentes,
406 1493 714 1588 supplicationibus
729 1489 966 1589 predictor'um
979 1490 1134 1566 fidelium
1148 1495 1333 1588 benignius
1345 1496 1518 1587 inclinati,
1536 1495 1622 1570 fide·

215 1617 300 1690 litati
318 1626 378 1689 tue
396 1617 621 1713 precipiendo
635 1617 841 1690 mandamus
854 1628 1027 1712 quatenus
1045 1616 1074 1690 si
1091 1618 1153 1690 tibi
1168 1619 1360 1692 constiterit
1374 1619 1420 1692 de
1433 1619 1618 1715 predictis,

218 1739 360 1813 domum
385 1749 421 1813 et
439 1762 497 1814 res
516 1741 602 1814 alias
624 1741 671 1814 ad
689 1748 902 1814 conventum
924 1741 1039 1837 ipsum
1065 1740 1110 1814 de
1129 1742 1210 1834 jure
1232 1751 1429 1838 spectantes
1448 1763 1536 1835 quas
1558 1762 1622 1837 per

217 1875 446 1938 memoratum
468 1865 644 1937 Taffurum
661 1865 775 1937 taliter
791 1865 898 1938 luisse
916 1865 1127 1960 compereris
1149 1876 1355 1962 occupatas,
1380 1865 1512 1938 eisdem
1533 1864 1622 1940 fide·

218 1987 307 2060 libus
323 1989 450 2062 nostris
464 1990 522 2062 vel
538 2011 659 2062 eorum
680 1988 803 2062 nuntio
818 1989 893 2061 sine
909 1988 1111 2063 difficultate
1127 1991 1284 2082 qualibet
1304 1990 1410 2062 lacias
1433 1990 1620 2084 resignari,

219 2133 281 2208 per
310 2113 405 2208 ipsos
435 2113 525 2186 sicut
545 2114 612 2186 alia
637 2113 731 2186 bona
754 2123 946 2186 conventus
975 2113 1133 2208 ejusdem
1159 2113 1204 2185 de
1229 2123 1347 2187 cetero
1366 2113 1414 2186 ad
1433 2135 1521 2209 opus
1539 2113 1622 2186 dicti

220 2237 419 2310 monasterii
431 2237 663 2334 procuranda.
681 2238 769 2309 Data
786 2237 882 2332 apud
896 2235 1111 2328 Fuchiclum,
1131 2237 1370 2310 sextodecimo
1384 2236 1522 2332 aprilis,
1543 2259 1623 2335 sep·

219 2359 300 2432 time
316 2359 526 2433 indictionis.
546 2361 601 2433 Ad
615 2362 715 2454 cuius
729 2360 971 2433 executionem
985 2361 1140 2434 mandati
1151 2383 1231 2434 cum
1247 2383 1312 2434 nos
1326 2357 1438 2458 [non]
1453 2361 1625 2457 possimus

217 2485 445 2579 personaliter
467 2484 660 2576 interesse,
684 2485 746 2557 tibi
765 2485 981 2558 comictimus
997 2485 1091 2558 vices
1104 2494 1257 2576 nostras,
1279 2506 1324 2557 ex
1338 2485 1508 2580 imperiali
1525 2495 1624 2582 parte

217 2628 285 2700 qua
310 2608 488 2701 lrmgimur
508 2609 713 2682 auctoritate
735 2608 940 2682 mandantes
960 2619 1131 2703 quatenus
1158 2619 1291 2682 attenta
1309 2610 1421 2682 forma
1443 2609 1625 2705 prescripti

219 2731 408 2827 imperialis
425 2731 598 2824 mandati,
616 2733 645 2804 si
660 2733 721 2804 tibi
735 2733 928 2806 constiterit
945 2732 988 2805 de
1004 2734 1177 2806 contentis
1192 2733 1229 2805 in
1244 2733 1339 2830 ipso,
1356 2725 1499 2806 domum
1518 2743 1554 2805 et
1568 2753 1625 2807 res

220 2856 304 2927 alias
320 2856 367 2929 ad
386 2866 597 2930 conventum
620 2856 734 2952 ipsum
750 2857 795 2932 de
808 2859 888 2949 jure
905 2866 1101 2953 spectantes
1116 2880 1204 2952 quas
1222 2879 1285 2953 per
1303 2867 1532 2930 memoratum
1547 2858 1626 2930 'lal-

221 2979 335 3052 furum
362 2981 476 3052 taliter
503 2980 608 3052 luisse
630 2981 826 3076 reppereris
845 2992 1049 3076 occupatas,
1076 2981 1207 3054 eisdem
1232 2981 1412 3054 monachis
1429 2982 1486 3054 vel
1504 3002 1625 3056 eorum

219 3105 343 3176 nuntio
367 3105 441 3177 sine
464 3103 666 3178 difficultate
694 3105 849 3198 qualibet
871 3105 1003 3177 faciatis
1034 3105 1217 3198 resignari,
1248 3128 1312 3200 per
1327 3107 1422 3201 ipsos
1445 3105 1534 3178 sicut
1558 3105 1627 3178 3113

219 3227 311 3300 bona
327 3229 410 3300 dicti
427 3229 613 3300 monasteri
628 3228 674 3303 de
688 3237 805 3301 cetero
823 3229 1054 3324 procuranda.
1075 3231 1127 3300 De
1144 3228 1378 3322 assignatione
1395 3250 1481 3302 vero
1496 3228 1627 3302 eisdem

220 3351 396 3424 monachis
423 3352 453 3424 si
474 3351 518 3424 de
537 3353 616 3446 jure
634 3352 835 3424 inveneritis
858 3353 1040 3445 iacienda,
1063 3352 1195 3424 faciatis
1211 3351 1286 3424 fieri
1301 3353 1479 3448 publicum
1496 3352 1626 3424 instru-

222 3487 376 3547 mentum
407 3474 541 3547 31333
570 3496 631 3570 pro
657 3485 756 3570 33313
777 3476 871 3548 33313
901 3475 1142 3549 deferendum.
1170 3477 1296 3549 Datum
1316 3474 1480 3573 Neapoli,
1503 3485 1628 3570 quarto

221 3599 350 3690 madii,
370 3598 516 3694 septime
530 3598 740 3672 indictionis.

269 3723 419 3819 Cupiens
434 3723 539 3817 igitur
554 3723 750 3819 predictum
764 3724 965 3797 mandatum
983 3724 1111 3817 exequi
1124 3735 1338 3815 reverenter,
1357 3724 1453 3819 apud
1462 3727 1627 3797 Sanctum

224 3847 433 3919 Germanum
449 3869 505 3918 me
526 3848 755 3942 personaliter
770 3847 901 3921 contuli
920 3857 955 3918 et
975 3846 1094 3920 habito
1108 3869 1188 3919 curn
1212 3847 1461 3920 deliberatione
1484 3847 1629 3921 consilio

224 3968 267 4040 de
295 3967 472 4064 premissis
501 3968 712 4063 prudentum
739 3971 893 4042 virorum
921 3969 1052 4042 domini
1074 3970 1291 4066 imperatorie
1315 3968 1490 4062 fidelium,
1518 3971 1629 4044 torna

223 4091 420 4164 licterarum
437 4091 596 4185 ejusdem
620 4094 774 4166 mandati
795 4093 980 4188 diligenter
997 4103 1147 4184 attenta,
1168 4116 1248 4166 cum
1265 4115 1329 4190 per
1348 4094 1456 4167 verba
1476 4094 1629 4190 ipsarum

223 4215 413 4287 litterarum
438 4213 620 4286 videretur
649 4216 745 4310 quod
778 4216 922 4290 deberet
948 4217 1125 4291 ordinario
1152 4218 1284 4311 judicio
1319 4217 1356 4290 in
1387 4217 1527 4310 negotio
1551 4217 1628 4314 ipso

222 4339 336 4433 potius
353 4358 459 4431 quam
474 4359 539 4434 per
553 4339 810 4432 inquisitionem
824 4341 980 4436 procedi,
996 4364 1077 4413 cum
1093 4342 1237 4418 consilio
1251 4342 1486 4438 predictorum
1498 4341 1631 4415 domini

222 4461 438 4558 imperatoris
461 4459 617 4534 lidelium
634 4463 671 4536 in
693 4466 891 4560 333331333
915 4465 1050 4560 providi
1073 4467 1147 4538 lore
1162 4466 1338 4540 ordinario
1351 4465 1484 4559 judicio
1509 4487 1631 4562 proce·

223 4576 390 4677 dandum,
403 4585 578 4658 utmelius
593 4596 628 4660 et
640 4589 776 4661 cautius
790 4610 852 4684 pro
870 4601 968 4685 parte
984 4588 1173 4685 imperialis
1191 4587 1285 4662 curie
1305 4589 1437 4661 dictum
1450 4591 1632 4683 negotium

223 4717 441 4802 tractaretur.
464 4709 631 4783 Ordinato
648 4711 764 4804 itaque
779 4712 912 4806 judicio
927 4723 961 4784 et
977 4722 1154 4808 assumpto
1168 4713 1253 4792 milri
1268 4713 1305 4784 in
1320 4735 1531 4789 assessorem
1546 4737 1632 4811 pru·
