4310 5908
246 585 346 658 laevor.
362 581 410 663 l.]
688 580 886 646 HISTORIA
910 578 1206 646 otonouavtctt.
1592 581 1652 642 '137

249 727 378 811 meque
403 716 575 811 probitate
596 716 774 810 pensatis,
791 718 949 792 volentes
967 737 1149 816 personam
1170 724 1265 786 tuam
1284 713 1441 809 specialis
1464 715 1557 789 dono
1572 739 1652 812 gra·

248 840 294 912 tie
308 839 495 928 bonorare,
513 838 575 912 tibi
586 839 733 930 tructus,
745 840 901 914 redditus
915 851 949 914 et
965 850 1154 936 proventus
1167 837 1279 910 omnis
1290 836 1466 930 judicatus
1481 837 1649 936 Arboree,

247 983 352 1036 censu
377 963 437 1055 qui
459 983 524 1057 pro
543 983 585 1035 eo
604 963 758 1036 Romane
774 965 927 1038 Ecclesia
951 965 1099 1038 debetur
1119 970 1283 1055 excepto,
1307 960 1548 1057 percipiendos
1573 985 1594 1036 a
1618 973 1652 1038 te

247 1087 422 1180 perillum
438 1087 494 1158 vel
514 1086 592 1158 illos
615 1107 704 1180 quos
718 1087 765 1159 ad
785 1087 852 1160 hoo
868 1087 1072 1161 duxerimus
1085 1084 1322 1181 deputandos,
1342 1085 1458 1178 quoad
1471 1085 1600 1160 vixeris
1617 1097 1653 1160 et

245 1229 357 1301 usque
370 1209 416 1281 ad
432 1218 549 1284 nostre
562 1209 818 1305 beneplacitum
831 1211 1034 1302 voluntatis,
1045 1210 1210 1283 duximus
1223 1209 1425 1284 auctoritate
1440 1211 1650 1306 presentium

245 1332 503 1417 concedendos.

245 1493 251 1540 3
294 1456 418 1530 Datum
432 1455 611 1550 Lugduni,
629 1455 659 1532 ll
676 1477 787 1530 nonas
796 1457 907 1550 junii,
925 1477 1018 1532 anno
1033 1457 1092 1530 vt.

298 2056 529 2164 Friderious,
547 2055 806 2141 Romanorum
828 2055 1047 2163 imperator,
1069 2054 1198 2139 scribit
1218 2053 1519 2138 Bononiensibus
1541 2055 1644 2162 quod
1715 2059 1812 2116 [sunt]

243 2213 320 2274 non
339 2189 484 2274 elevent
507 2215 548 2274 se
567 2189 608 2270 in
633 2188 849 2298 superbiam
873 2199 1026 2300 propter
1050 2187 1245 2272 victoriam
1270 2187 1440 2270 habitam
1464 2187 1512 2269 de
1532 2186 1643 2270 Hen-

241 2319 322 2406 rico
338 2320 417 2406 filio
435 2346 527 2428 suo,
550 2330 588 2405 et
605 2322 710 2431 quod
728 2321 973 2406 incontinenti
991 2319 1149 2404 liberent
1170 2345 1278 2428 eum,
1297 2345 1386 2402 oum
1405 2319 1643 2404 Cremonen-

242 2453 366 2558 sibus,
383 2453 659 2540 Mutinensibus
676 2465 714 2538 et
733 2453 818 2538 aliis
835 2481 933 2565 quoe
950 2463 1142 2564 oeperunt.

324 2721 419 2801 (sort
435 2724 468 2782 in
478 2718 607 2783 Petrtde
623 2719 689 2782 va.
703 2722 800 2801 epist,
816 2721 870 2784 ltb.
885 2722 926 2794 11,
939 2737 1005 2801 cap.
1019 2720 1179 2796 lllllllllh
1195 2720 1263 2784 coll.
1284 2737 1353 2782 enm
1370 2721 1436 2782 eod.
1451 2720 1528 2782 oret.
1544 2719 1642 2786 Ceam.

362 2825 567 2906 Paris.‚fondr
578 2828 785 2900 docebam,
800 2838 833 2888 n⁰
847 2825 933 2908 20².)

290 3067 411 3144 Varios
436 3079 584 3142 eventus
606 3089 682 3142 esse
708 3069 845 3142 fortune
868 3067 1014 3140 diversis
1033 3067 1158 3161 legitur
1178 3066 1216 3140 in
1231 3065 1432 3162 scripturis,
1461 3087 1530 3159 que
1552 3087 1646 3140 nuuc

240 3189 405 3285 deprimit
420 3190 614 3283 bominem,
632 3213 727 3264 nnnc
750 3192 902 3283 exaltat,
927 3200 963 3264 et
977 3211 1061 3286 sepe
1083 3189 1261 3264 blanditur
1279 3189 1415 3283 aliquos
1433 3189 1642 3280 exaltando,

241 3336 329 3408 quos
350 3314 490 3390 demum
514 3316 743 3412 deprimendo
766 3314 948 3388 insanabili
965 3315 1112 3388 vulnere
1136 3313 1335 3408 frequenter
1354 3312 1504 3409 percutit
1527 3321 1564 3386 et
1582 3311 1644 3387 fla·

241 3440 358 3532 gellat.
387 3440 422 3511 Si
441 3461 505 3512 vos
529 3439 634 3533 igitur
656 3441 794 3513 fortuna
815 3439 970 3514 serenior
990 3439 1184 3535 respexisse
1198 3438 1338 3512 videtur
1355 3437 1410 3510 bis
1432 3436 1645 3533 temporibus

240 3561 333 3635 claro
355 3563 480 3652 vidtu‚
505 3584 576 3635 non
599 3563 795 3653 deberetis,
823 3564 851 3636 si
878 3564 1051 3661 sapientes
1077 3562 1219 3654 essetis,
1245 3562 1282 3633 in
1303 3560 1421 3654 aliquo
1442 3560 1644 3657 superbire,

240 3685 321 3778 quia
345 3685 461 3780 sepius
487 3687 523 3758 in
547 3688 657 3759 altum
683 3688 761 3782 quis
779 3687 922 3778 tollitur,
948 3698 987 3759 ut
1004 3707 1110 3758 ruens
1127 3684 1248 3757 lortius
1272 3694 1533 3778 conquassetur.
1559 3683 1646 3758 Nam

240 3829 322 3904 sepe
351 3809 489 3882 fortuna
517 3809 658 3884 videtur
685 3811 720 3882 in
745 3811 914 3908 principio
941 3829 1107 3906 prospera
1135 3808 1321 3899 nunciare,
1350 3808 1412 3881 sed
1438 3809 1591 3881 medium
1611 3819 1647 3881 et

238 3928 345 4005 finem
377 3932 494 4006 multis
526 3933 638 4029 replet
668 3934 934 4007 adversitatibus
961 3951 997 4007 et
1025 3933 1212 4005 concludit.
1246 3934 1402 4005 Relatum
1433 3942 1485 4004 est
1517 3931 1646 4006 etenim

240 4053 494 4150 magnificentie
518 4066 634 4132 nostre
655 4058 751 4154 quod
772 4058 808 4130 in
823 4058 968 4133 victoria
984 4055 1083 4130 vobis
1097 4057 1199 4148 data,
1220 4054 1348 4130 fecistis
1368 4075 1499 4128 cornua
1514 4054 1644 4146 ferrea,

242 4199 322 4252 cnm
339 4180 465 4274 quibus
481 4189 591 4253 totum
604 4182 724 4253 orbern
740 4183 881 4256 creditis
893 4181 1083 4271 ventilare,
1104 4188 1139 4252 et
1152 4179 1277 4254 elevati
1294 4179 1330 4250 in
1344 4179 1506 4276 superbia
1520 4199 1646 4274 magna

242 4301 366 4392 valde,
384 4302 586 4376 Lombardis
600 4305 763 4378 iratribus
780 4305 903 4378 vestris
920 4303 1115 4396 arrogantie
1137 4324 1281 4376 munera
1295 4301 1548 4393 transmisistis,
1568 4323 1648 4375 oum

244 4425 293 4499 eis
316 4425 551 4498 solemnitates
578 4437 614 4517 et
637 4451 763 4521 magna
782 4429 909 4522 gaudia
938 4428 1166 4500 celebrantes.
1191 4427 1262 4499 Sed
1283 4426 1349 4499 nisi
1372 4427 1441 4499 cito
1466 4427 1650 4501 elationem

243 4556 394 4622 vestram
411 4548 457 4621 ud
471 4551 772 4626 mansuetudinem
788 4551 1015 4643 convertatis,
1033 4570 1163 4623 cornua
1177 4550 1290 4623 ferrea
1304 4572 1372 4648 qne
1389 4551 1517 4626 fecistis
1535 4553 1651 4627 subito

243 4657 373 4769 impetu
397 4673 658 4769 confringentur
681 4701 692 4747 ε
715 4677 803 4749 risus
821 4683 937 4749 vester
960 4675 1080 4748 dolore
1101 4674 1323 4767 miscebitur,
1341 4685 1378 4752 et
1393 4675 1559 4773 gaudium
1574 4699 1652 4750 ves-
