4310 5908
245 613 347 674 lunrcr.
362 613 409 690 9.]
694 610 893 674 HISTORIA
918 612 1215 679 ultnottttrlctt.
1594 617 1654 681 '197

246 749 458 821 sessionibus
485 747 561 819 aliis
588 767 676 841 quas
699 748 948 819 monasterium
972 750 1172 824 cassinense
1195 753 1231 824 in
1254 753 1356 844 Troja
1378 761 1415 824 et
1440 753 1656 848 pertinentiis

247 875 323 965 ejus
350 872 520 945 hactenus
544 871 718 943 inveneris
740 869 920 963 habuisse,
941 874 1129 948 monachos
1151 898 1212 948 seu
1235 877 1377 948 nuntios
1396 875 1482 948 alios
1499 877 1655 970 ejusdem

246 997 446 1071 monasterii
469 1017 541 1068 non
562 996 724 1068 molestes
740 1016 806 1067 neo
828 997 968 1091 66116616
989 999 1035 1070 61
1053 1000 1129 1072 61116
1150 1000 1347 1091 molestari,
1365 1001 1413 1072 ita
1429 1011 1544 1072 tamen
1560 1000 1656 1094 quod

247 1143 353 1218 super
365 1120 585 1217 procuranda
600 1119 744 1191 ecclesie
759 1130 795 1192 et
807 1121 1083 1215 possessionibus
1098 1124 1206 1219 ipsius
1219 1125 1336 1195 nullus
1352 1124 1464 1196 incola
1476 1125 1533 1196 vel
1543 1124 1658 1197 oriun-

248 1243 314 1316 dus
330 1245 375 1317 de
390 1246 492 1339 Troja
509 1266 689 1316 remanere
704 1243 835 1316 ibidem
852 1244 897 1316 de
911 1255 1027 1320 cetero
1041 1247 1271 1343 permittatur.
1288 1249 1413 1319 Datum
1429 1248 1524 1342 apud
1538 1249 1655 1320 Venu-

247 1367 1446 1467 siam,undecimooctobris‚noneindictionis—Cumquepredictum
1454 1372 1657 1444 mandatum

248 1517 313 1568 nos
327 1504 486 1590 oporteat
502 1494 590 1566 sicut
603 1494 705 1566 decet
719 1494 846 1588 exequi
862 1506 1063 1567 reverenter
1078 1508 1113 1570 et
1124 1497 1169 1569 ad
1183 1497 1219 1569 id
1236 1496 1481 1592 exequendum
1496 1517 1659 1592 persona·

250 1619 329 1692 liter
347 1620 529 1692 intendero
547 1640 618 1691 non
633 1619 818 1715 possimus,
834 1620 910 1691 aliis
919 1622 1067 1694 servitiis
1077 1621 1311 1718 imperialibus
1319 1622 1491 1717 occupati,
1504 1621 1658 1716 pruden-

250 1744 296 1816 tie
309 1752 427 1815 vestre
442 1743 688 1815 committimus
702 1765 749 1814 ex
763 1743 933 1839 imperiali
948 1755 1046 1840 parte
1062 1765 1132 1840 qua
1146 1745 1323 1839 fungimur
1336 1745 1541 1818 auctoritate
1557 1766 1657 1817 man·

249 1869 553 1963 dantesquatenus
562 1877 684 1940 tenore
693 1867 839 1964 predicti
848 1869 1036 1964 imperialis
1046 1870 1200 1942 mandati
1209 1871 1548 1963 diligenterattento,
1554 1872 1658 1965 juxta

248 1994 358 2090 ipsius
374 1993 623 2066 continentiam
646 2014 750 2087 super
764 1993 910 2064 66616616
931 1994 1078 2088 predicti
1096 1995 1213 2066 Sancti
1231 1992 1355 2088 Angeli
1375 1996 1419 2068 de
1440 1994 1597 2090 Rodingo
1624 2005 1659 2067 61

249 2117 527 2214 possessionibus
543 2117 618 2190 aliis
637 2139 724 2211 quas
740 2117 987 2189 monasterium
1002 2118 1203 2190 Cassinense
1218 2119 1253 2189 in
1270 2120 1373 2212 Troja
1390 2129 1425 2192 et
1440 2119 1658 2215 pertinentiis

251 2243 327 2336 ejus
337 2243 507 2315 hactenus
516 2241 718 2314 inveneritis
728 2241 905 2334 habuisse,
921 2240 965 2314 de
980 2243 1106 2336 quibus
1119 2243 1219 2316 vobis
1236 2245 1337 2338 plene
1347 2243 1659 2335 constabit,mona·

250 2370 337 2444 6166
353 2391 415 2442 666
436 2368 575 2441 6661166
599 2368 684 2440 61166
705 2368 863 2460 ejusdem
886 2369 1085 2441 monasterii
1101 2392 1171 2441 non
1189 2370 1379 2443 molestetis
1400 2392 1466 2442 nec
1481 2371 1660 2466 patiamini

251 2493 298 2564 ab
314 2493 391 2565 aliis
407 2489 596 2582 molestari,
614 2492 662 2564 ita
683 2501 800 2564 166666
827 2493 923 2587 quod
943 2494 1033 2564 sicut
1054 2494 1250 2590 predictum
1271 2495 1474 2567 mandatum
1492 2495 1659 2588 continet,

251 2639 359 2714 66666
385 2617 614 2714 procurandis
644 2617 789 2690 66616616
817 2627 853 2690 61
878 2618 1155 2713 possessionibus
1170 2619 1253 2714 ipsis
1273 2621 1408 2691 nullum
1433 2621 1581 2691 incolam
1604 2620 1662 2691 vel

254 2743 443 2816 oriundum
457 2743 501 2815 de
517 2741 619 2835 'l'roja
633 2763 813 2814 remanere
826 2741 954 2814 ibidem
971 2741 1015 2815 de
1032 2751 1149 2815 cetero
1166 2743 1392 2838 permittatis3
1411 2741 1660 2816 facientesfieri

252 2867 431 2964 publicum
453 2867 720 2938 instrumentum
737 2865 899 2938 distincte
917 2867 1100 2938 continens
1117 2868 1267 2962 qualiter
1288 2867 1387 2940 vobis
1408 2867 1599 2940 constiterit
1617 2865 1661 2940 de

252 2992 399 3065 66616616
420 3001 456 3064 61
473 2991 747 3087 possessionibus
767 2990 974 3086 supradictis
990 2989 1026 3062 in
1043 2991 1168 3064 eodem
1191 2992 1419 3064 instrumento
1437 2993 1573 3088 plenius
1591 2991 1662 3065 dis·

253 3117 474 3209 tinguendis,
491 3126 531 3189 ut
546 3115 726 3190 occasione
756 3114 956 3207 hujusmodi
986 3136 1056 3187 non
1080 3117 1258 3210 contingat
1288 3117 1501 3212 imperialem
1531 3116 1662 3189 curiam

252 3242 319 3314 sub
333 3243 514 3314 involucro
529 3240 741 3330 1616661661,
760 3250 795 3313 61
812 3240 942 3312 factum
956 3240 1056 3312 nobis
1075 3240 1120 3312 ad
1134 3241 1267 3314 curiam
1286 3240 1538 3314 transmittatis.

304 3369 429 3438 Datum
443 3366 594 3458 Corneli,
609 3367 687 3438 Xlll
702 3365 867 3456 octobris,
885 3386 977 3437 none
993 3365 1202 3438 indictionis.

303 3491 468 3564 volentes
490 3491 593 3584 igitur
609 3490 692 3562 dicti
707 3489 868 3562 dominus
885 3488 1033 3561 Iacobus
1053 3499 1087 3560 et
1103 3489 1216 3581 judex
1232 3491 1410 3563 Suelionus
1433 3491 1664 3586 prescriptum

253 3614 459 3686 mandatum
483 3613 630 3710 predicti
650 3613 769 3686 domni
791 3611 967 3707 justitiarii
989 3613 1117 3705 exequi
1139 3623 1351 3706 reverenter,
1377 3635 1493 3687 coram
1509 3614 1610 3686 nobis
1631 3623 1666 3686 et

255 3738 481 3833 infrascriptis
498 3737 643 3810 testibus
657 3760 744 3832 quos
759 3737 871 3808 dictus
884 3738 991 3808 frater
1003 3736 1211 3809 Benedictus
1232 3760 1295 3833 pro
1313 3749 1412 3834 parte
1429 3739 1512 3812 dicti
1529 3760 1665 3811 monas·

256 3861 334 3933 16611
347 3862 558 3934 cassinensis
571 3862 617 3934 61
633 3861 873 3957 probandum,
895 3871 962 3932 etc.
1258 3865 1259 3870 ’

307 3983 758 4083 [Sequunturdepositiones
768 3985 906 4056 testium
922 4006 1000 4056 cum
1013 3985 1212 4056 nominibus
1224 3987 1398 4080 locorum;
1408 3987 1502 4058 unde
1515 3986 1666 4059 lacobus

257 4117 294 4181 et
312 4109 493 4182 Scalionus
516 4110 695 4182 declarant
715 4109 963 4181 monasterium
979 4108 1180 4182 Cassinense
1198 4134 1270 4183 non
1287 4111 1462 4184 molestari
1477 4110 1604 4183 debere
1629 4110 1664 4180 in

257 4234 411 4306 ecclesiis
427 4244 463 4307 et
477 4234 753 4330 possessionibus
766 4256 853 4329 quas
868 4233 975 4305 habet
989 4234 1025 4304 in
1039 4235 1141 4328 Troja
1153 4245 1188 4307 61
1199 4235 1416 4332 pertinentiis
1431 4231 1536 4332 ejus]
