4300 5916
233 657 335 715 holm.
353 654 399 730 l.]
679 647 876 710 HISTORIA
899 642 1197 707 olauounttclt.
1579 645 1640 706 84³

281 787 499 878 Chunradus,
516 786 590 858 divi
606 787 743 879 augusti
766 783 984 880 imperatoris
1000 781 1165 854 Friderici
1182 779 1292 869 filius,
1309 777 1371 851 Dei
1386 780 1496 872 gratia
1513 779 1639 852 lloma·

234 935 360 986 norum
387 913 424 984 in
454 910 744 1004 regemelectus,
770 931 908 1004 semper
932 916 1099 999 augustus
1125 915 1160 978 et
1182 905 1284 977 heres
1308 903 1406 998 regni
1430 903 1637 997 Jerusalem,

232 1035 407 1109 universis
424 1033 560 1130 imperii
578 1031 758 1120 fidelibus,
777 1041 957 1128 presentes
975 1031 1107 1102 litteras
1129 1027 1354 1125 inspecturis,
1373 1027 1524 1121 graciam
1540 1051 1639 1101 suam

233 1170 268 1233 et
280 1181 385 1233 omne
404 1159 549 1230 bonum.
566 1158 699 1229 Tenere
713 1155 930 1251 presencium
945 1164 1067 1227 notum
1084 1175 1159 1226 esso
1174 1153 1335 1225 volumus
1354 1161 1389 1224 et
1406 1161 1639 1248 protestamur

231 1283 329 1377 quod
349 1281 526 1354 constituti
549 1301 666 1352 coram
689 1280 789 1351 nobis
808 1279 925 1351 nuncii
949 1277 1197 1373 archiepiscopi
1222 1275 1499 1368 salzburgensis,
1520 1275 1637 1348 dilecti

231 1407 398 1502 principis
413 1404 537 1495 nostri,
554 1403 782 1476 obtinuerunt
797 1425 860 1498 per
875 1402 1083 1474 sententiam
1097 1401 1224 1472 exindo
1239 1402 1344 1473 latam
1363 1409 1397 1472 et
1413 1399 1459 1472 ab
1476 1400 1637 1472 omnibus

231 1530 461 1626 approbatam
478 1556 487 1600 ε
504 1526 599 1621 quod
616 1527 762 1622 quilibet
779 1526 976 1599 infeodatos
991 1525 1136 1598 ecclesie
1149 1523 1407 1617 Salzburgensis
1422 1513 1479 1596 vel
1496 1525 1637 1596 alterius

231 1652 374 1726 feodum
399 1674 520 1743 suum,
545 1651 574 1722 si
594 1671 737 1722 neeesse
755 1651 876 1740 luerit,
897 1672 977 1722 cum
1000 1648 1184 1722 infeodatis
1208 1649 1365 1740 ejusdem
1391 1646 1552 1738 ecclesie,
1577 1647 1635 1741 qui

231 1799 294 1849 sue
314 1775 522 1848 conditionis
540 1774 668 1845 luerint
684 1785 719 1846 et
735 1797 805 1846 non
828 1773 921 1864 aliis,
946 1773 1107 1846 concere
1124 1772 1243 1845 valeat
1262 1782 1297 1844 et
1317 1772 1443 1845 debeat
1463 1772 1632 1867 optinere.

230 1899 287 1972 Ad
301 1898 406 1992 hujus
422 1899 539 1991 itaque
560 1897 730 1970 sententie
748 1898 868 1989 robur,
887 1906 1065 1992 presentes
1086 1897 1218 1969 litteras
1238 1893 1313 1967 fieri
1331 1906 1366 1968 et
1386 1896 1498 1988 sigillo
1516 1904 1635 1968 nostro

226 2023 393 2115 jussimus
410 2021 629 2094 communiri.

279 2148 406 2218 Datum
422 2145 564 2239 Regin,
582 2147 630 2218 xl
645 2143 826 2234 februarii,
844 2142 1032 2217 indictione
1048 2145 1075 2215 l.

924 2435 1427 2448 ffl—

285 2695 502 2799 Comedus,
530 2695 569 2775 in
603 2695 859 2778 Romanorum
888 2719 1017 2804 regem
1044 2693 1204 2800 electus,
1231 2719 1301 2802 pro
1323 2694 1440 2803 gratis
1472 2695 1631 2778 servitiis
1705 2737 1804 2824 aul?

230 2827 382 2912 Ottonis
413 2827 562 2910 comitis
593 2828 642 2910 de
668 2825 929 2937 Ravensberg‚
957 2826 1175 2910 facultatem
1203 2826 1238 2911 ei
1264 2828 1436 2911 concedit
1466 2827 1629 2911 liberum

228 2959 356 3044 forum
375 2962 474 3068 apud
494 2960 642 3070 Bugklo
661 2960 926 3044 constituendi.

309 3174 411 3254 (nutu.
427 3175 463 3236 u.
479 3175 647 3253 unitus,
668 3157 1130 3254 Waoaoaa‘uroeamtea,
1147 3175 1207 3236 vor.
1222 3176 1279 3253 ιιι,
1294 3193 1324 3254 p.
1341 3186 1411 3254 ιιι,
1426 3188 1459 3238 ιο
1473 3177 1557 3256 uo.)

171 3357 175 3366 ’
276 3361 472 3452 Conradus,
496 3362 568 3434 divi
589 3363 724 3456 augusti
744 3363 960 3458 imperatoris
978 3363 1139 3435 Friderici
1158 3361 1265 3454 filius,
1283 3365 1346 3437 Dei
1370 3365 1480 3457 gratia
1503 3367 1627 3440 Roma·

227 3506 351 3559 norum
365 3486 401 3556 in
416 3507 533 3579 regem
548 3488 692 3578 electus,
709 3509 845 3582 semper
860 3497 1027 3580 augustus
1041 3497 1078 3559 et
1093 3488 1194 3560 heres
1212 3489 1309 3580 regni
1324 3489 1625 3582 lherosolimltani‚

228 3611 398 3682 universis
418 3611 554 3706 imperii
568 3591 735 3682 'fidelibus
757 3621 934 3704 presentes
951 3612 1081 3683 litteras
1096 3612 1301 3707 inspecturis
1316 3615 1462 3706 gratiam
1478 3638 1574 3688 suam
1594 3629 1630 3688 et

226 3756 330 3807 omne
348 3735 492 3807 bonum.
513 3735 646 3807 Tenere
664 3735 874 3828 presentium
891 3745 1011 3806 notum
1030 3735 1174 3807 iacimus
1190 3735 1359 3809 universis
1375 3740 1470 3832 quod
1490 3755 1554 3813 nos
1574 3742 1627 3812 in·

228 3868 364 3930 tuentes
388 3869 487 3950 grata
506 3857 644 3930 servitia
666 3880 735 3950 que
760 3857 861 3929 nobis
884 3859 963 3930 Otto
985 3880 1101 3930 comes
1122 3858 1167 3930 de
1190 3859 1436 3954 Ravensbergh
1461 3861 1628 3935 hactenus

227 3981 385 4054 exhibuit
409 3993 445 4054 et
468 3983 504 4054 in
524 3993 627 4054 antea
647 3981 812 4053 exhibere
833 3982 961 4077 poterit
977 3981 1146 4073 gratiora,
1170 3983 1275 4053 talem
1300 3983 1332 4054 ei
1356 3986 1501 4076 gratiam
1523 3986 1626 4059 duxi·

227 4127 304 4178 mus
336 4107 531 4179 faciendam
563 4117 603 4178 ut
633 4106 837 4178 auctoritate
869 4105 977 4177 nostri
1009 4105 1168 4177 culminis
1203 4107 1349 4178 liberum
1388 4109 1500 4180 lorum
1533 4111 1627 4205 apud

226 4228 357 4322 Bugklo
387 4228 438 4326 (l)
466 4230 698 4302 constituendi
726 4229 870 4301 liberam
899 4228 1027 4300 habeat
1055 4229 1266 4304 facultatem.
1297 4231 1351 4302 Ad
1374 4229 1479 4322 hujus
1511 4231 1626 4326 itaque

225 4355 334 4445 gratie
351 4353 553 4426 memoriam
567 4355 604 4425 in
621 4364 798 4449 posterum
815 4353 1013 4444 valituram,
1031 4363 1210 4448 presentes
1226 4354 1357 4426 litteras
1371 4352 1445 4426 fieri
1464 4365 1499 4428 et
1515 4357 1626 4450 sigillo

226 4487 344 4550 nostro
358 4477 504 4548 lecimus
517 4477 685 4548 roborari.

227 4657 1609 4674 mmm*-—
1619 4666 1624 4674 Ι

261 4758 298 4829 tt)
316 4756 603 4821 verisimiliternotst
615 4758 692 4829 juxta
706 4755 879 4814 Aschendorl.
