4306 5914
252 677 415 760 mma]
694 663 1208 730 u1srov1snrrnousrrcn.
1599 673 1659 741 703

252 816 355 890 tionis
367 812 540 904 condigne
554 808 676 880 merita
693 804 937 902 prestolentur.
953 801 1124 877 Fidelitati
1142 820 1199 878 tue
1215 804 1321 900 im‘tur
1335 806 1490 881 districto
1513 807 1659 909 precipi-

252 961 330 1012 mus
344 947 517 1032 quatenus
537 931 763 1030 prescriptam
785 927 994 1024 beneplaciti
1019 929 1127 1001 notui
1146 930 1291 1002 fornum
1309 950 1374 1026 per
1382 931 1658 1025 jurisdictionem

252 1075 344 1138 mam
359 1062 551 1159 prudenter
564 1069 600 1133 et
612 1054 757 1131 sollicito
774 1051 946 1150 publices,
962 1063 1002 1126 et
1012 1055 1202 1148 exequaris
1211 1051 1398 1130 efficacitm
1411 1057 1634 1154 publiettum.

466 1363 1444 1380 memu-—a—-a-—ffl

302 1652 330 1734 F
331 1651 536 1755 ridericus,
566 1651 826 1736 Romanorum
855 1651 1075 1760 imperetur,
1105 1649 1338 1760 quibusdam
1369 1651 1549 1737 fidelibus
1577 1655 1657 1738 suis
1728 1665 1786 1762 225„

252 1783 523 1894 (verisimiliter
540 1786 591 1868 de
613 1783 863 1891 dlemanuia)
880 1783 1031 1866 nuntiet
1049 1809 1090 1868 sc
1115 1783 1276 1894 negotiis
1294 1784 1547 1870 Lombardiae
1561 1786 1657 1870 ieli-

251 1919 342 2001 citer
364 1919 576 2029 dispositis,
604 1931 732 2029 partes
755 1917 917 2001 Tusciae
938 1916 1151 2027 providisse
1170 1919 1415 2028 repetendas,
1440 1919 1580 2006 abinde
1605 1924 1655 2005 ad

251 2049 453 2136 leutoniae
470 2062 596 2162 parles
615 2077 770 2164 gressus
788 2075 878 2135 suos
893 2051 1119 2134 directurus.

330 2284 452 2365 (insuti.
467 2301 504 2344 ex
527 2283 594 2346 coel.
611 2283 690 2346 bibl.
709 2283 808 2346 cam.
830 2282 957 2345 vinem.
980 2279 1145 2368 Philolopuv
1162 2283 1254 2357 dcto,
1269 2295 1302 2344 u⁰
1322 2293 1398 2360 ³06,
1414 2285 1467 2347 iol.
1486 2295 1542 2349 tut
1555 2299 1656 2368 vetuo,

366 2395 450 2471 eujus
463 2397 580 2454 textum
593 2391 786 2454 crassloribuv
799 2391 913 2453 mendis
929 2392 1186 2471 expurgavimus.)

295 2597 516 2688 Fredericus,
532 2607 600 2669 eto.
619 2597 664 2669 Ut
681 2606 795 2668 vestre
813 2595 1007 2668 devotionis
1022 2595 1193 2687 auditum,
1209 2589 1325 2695 [sicut]
1341 2595 1415 2668 iore
1431 2595 1652 2692 confidimus,

249 2721 425 2818 planede
456 2743 678 2819 processuum
707 2729 905 2793 nostrorum
935 2717 1118 2792 eventibus
1147 2715 1318 2793 certitudo
1349 2717 1519 2812 gratificet
1545 2731 1581 2796 el
1610 2721 1655 2798 de

250 2845 407 2943 proximo
428 2846 583 2942 potentie
600 2854 716 2918 nostre
732 2843 894 2938 suffragio
911 2843 1044 2916 firmam
1061 2844 1161 2917 vobis
1182 2839 1343 2917 fiduciam
1360 2851 1591 2941 representet,
1608 2843 1655 2922 ad

248 2972 403 3045 notitiam
422 2981 573 3044 vestram
585 2967 638 3066 (a)
656 2969 810 3043 veridico
831 2967 911 3041 stilo
930 2967 1153 3064 perducimus
1168 2965 1264 3064 quod
1278 2969 1313 3041 in
1326 2969 1460 3062 Liguris
1482 2971 1653 3067 partibuS,

248 3096 281 3168 in
297 3096 425 3190 quibus
441 3097 537 3168 velut
556 3095 592 3166 in
616 3117 731 3167 rerum
751 3095 875 3190 pelago
896 3093 1092 3186 navigando
1112 3094 1258 3166 feliciter
1274 3116 1405 3167 moram
1424 3096 1524 3169 nobis
1545 3073 1656 3170 mixta

247 3221 442 3293 necessitati
457 3220 684 3294 commoditas
700 3219 889 3314 persuasit,
916 3219 1063 3311 negotiis
1083 3219 1209 3291 nostris
1225 3219 1271 3292 ad
1287 3220 1451 3316 placitum
1471 3223 1656 3296 salubriter

248 3346 508 3436 ordinatis,tnm
527 3367 590 3441 per
604 3344 811 3417 allinitatum
822 3342 959 3416 vincula
970 3345 1041 3438 jam
1057 3353 1233 3417 contracta
1247 3367 1327 3416 cum
1340 3346 1466 3418 comite
1482 3348 1654 3421 Sabaudie

249 3471 291 3542 ds
305 3469 375 3542 lilia
388 3491 451 3542 sua
465 3469 643 3542 lieniredo
655 3467 707 3564 (l)
724 3477 759 3540 et
775 3489 855 3540 cum
871 3468 1011 3540 Ezeliuo
1027 3467 1071 3540 de
1089 3469 1242 3542 Romam
1258 3468 1302 3541 de
1318 3477 1423 3564 nepte
1439 3492 1501 3544 sua
1517 3472 1564 3544 ll.
1581 3472 1654 3566 regi

248 3595 401 3669 Sardinie
412 3593 463 3691 (2)
481 3594 615 3667 dilectis
628 3592 707 3665 liliis
722 3592 847 3666 nostris
864 3591 1107 3664 matrimoniali
1123 3593 1241 3666 federe
1257 3593 1439 3689 copulatis,
1460 3604 1533 3668 tum
1549 3596 1655 3669 etiam

248 3721 514 3816 permultorum
530 3718 744 3815 provisiones
764 3727 800 3789 et
817 3726 1033 3790 sacramenta
1054 3718 1221 3791 nobilium
1241 3740 1283 3791 ac
1303 3719 1482 3792 civitatum
1502 3721 1653 3815 regionis

248 3845 403 3938 ejusdem
429 3843 699 3940 quamplurium,
725 3842 773 3914 ita
795 3841 892 3936 quod
915 3842 1065 3938 partium
1092 3840 1244 3937 ipsarum
1268 3839 1407 3936 negotia
1444 3844 1653 3939 presentiam

249 3981 399 4042 nostram
424 3966 569 4040 ulterius
593 3987 663 4038 non
687 3964 881 4059 requirunt,
904 3963 1002 4064 [dum
1019 3961 1055 4064 a]
1071 3965 1204 4060 prelato
1226 3961 1300 4038 llio
1322 3977 1443 4039 nostro
1458 3965 1501 4040 il.
1519 3985 1561 4040 ae
1576 3966 1653 4040 aliis

287 4143 329 4226 (a)
352 4141 388 4206 ln
402 4143 468 4206 eod.
484 4147 513 4206 ct
519 4142 670 4226 justitiam
683 4147 823 4220 nostram,
840 4138 928 4203 male.

951 4324 1046 4334 ——n

281 4435 318 4510 lt)
337 4435 399 4496 vit.
414 4452 507 4512 supra,
519 4453 548 4512 p.
565 4438 628 4509 iil,
641 4439 697 4493 net.
712 4438 739 4492 l.

281 4536 317 4609 (2)
336 4535 392 4593 llos
404 4549 491 4609 usque
505 4551 579 4592 nune
591 4535 717 4593 historiae
730 4533 921 4609 scriptoribus,
935 4538 963 4592 et
975 4531 1026 4608 ipsi
1040 4531 1121 4591 etlam
1128 4531 1225 4594 Verrio
1239 4531 1383 4609 incognita.
1396 4530 1549 4596 Adclaslvrn
1562 4542 1654 4599 autem

249 4633 697 4708 quemannoliittdesponsaverat
707 4633 800 4690 lintius
812 4631 847 4690 ab
861 4648 893 4690 eo
904 4632 1068 4706 repudiatam
1083 4631 1166 4691 luisse
1179 4633 1353 4707 arbitramur,
1367 4647 1421 4692 non
1432 4649 1499 4694 vero
1507 4634 1656 4696 atauus·-

248 4737 311 4804 tam,
325 4747 410 4806 quum
427 4732 456 4789 in
468 4731 580 4806 epistola
594 4732 739 4790 Alexandri
752 4731 797 4802 lv,
810 4731 866 4788 dat.
878 4734 896 4788 2
906 4729 943 4788 id.
958 4730 1064 4804 augusti
1078 4745 1150 4790 anno
1161 4731 1241 4805 taot,
1256 4729 1348 4792 adbuc
1358 4738 1471 4793 vocabu
1484 4733 1613 4795 Turrium
1626 4741 1657 4794 et

247 4829 348 4891 Gelluri
362 4829 467 4908 regina.
479 4831 583 4906 depost.
599 4845 662 4893 anu.
673 4829 695 4904 l,
709 4829 788 4908 epist.
802 4832 855 4889 oto
869 4834 896 4888 et
908 4831 971 4889 tto.
1656 4849 1658 4857 ·
