4352 5940
248 605 411 685 buter.5.]
693 602 891 665 HISTORIA
915 601 1209 666 ulrtouautcn
1593 605 1656 670 559

249 750 285 813 et
310 739 565 814 solicitudinem
590 747 742 811 vestram
768 760 841 811 non
863 739 1034 812 immerito
1061 737 1370 830 commendamus,
1406 759 1486 810 oum
1508 761 1654 836 operum

247 874 443 937 vestrorum
458 872 584 958 potens
600 861 751 935 efficacia
766 862 803 934 in
818 861 872 935 his
887 873 923 936 et
938 863 1014 934 aliis
1033 871 1185 936 vestram
1206 860 1312 934 iidem
1330 883 1528 958 synceram,
1548 886 1653 957 quam

248 1008 331 1080 erga
346 986 604 1082 imperatoriam
620 989 835 1079 majestatem
850 988 1063 1060 incessanter
1077 985 1196 1078 geritis
1210 993 1245 1058 et
1259 983 1411 1072 habetis,
1429 988 1652 1062 commenda·

247 1110 355 1183 bilem
373 1119 601 1206 representet.
618 1110 663 1182 Et
680 1131 761 1182 ecce
777 1110 873 1205 quod
891 1110 939 1184 ad
959 1109 1125 1202 gaudium
1139 1129 1233 1182 nova
1247 1107 1358 1182 ardua
1372 1117 1407 1181 ct
1422 1131 1589 1205 prospera
1608 1112 1652 1186 de

248 1234 387 1306 sinistro
402 1255 503 1326 casu,
522 1234 583 1330 qui
599 1235 725 1307 accidit
742 1235 787 1308 de
804 1235 944 1308 civitate
957 1233 1148 1324 Parmensi,
1163 1232 1382 1329 presentibus
1399 1230 1499 1306 vobis
1512 1235 1652 1308 intima·

247 1379 338 1430 mus.
355 1356 528 1430 Noveritis
540 1357 659 1451 igitur,
671 1379 735 1430 nos
748 1358 793 1430 ab
806 1357 931 1430 illustri
947 1357 1036 1448 viro,
1053 1356 1196 1430 domino
1211 1355 1372 1428 Heinricc
1385 1377 1466 1450 rege
1479 1357 1649 1450 Sardinia,

247 1481 337 1554 sacri
345 1481 481 1577 imperii
490 1481 526 1552 in
535 1478 955 1577 Romanicla(sic)vicario
966 1479 1403 1574 generali,otc.,recepisse
1412 1480 1529 1552 literas
1541 1480 1652 1555 inhac

246 1605 359 1677 forma
371 1628 381 1672 ε
392 1604 588 1695 Heinricus,
601 1612 685 1694 ete,
703 1603 812 1677 nobili
827 1604 903 1676 viro
917 1604 1090 1678 Friderico
1109 1603 1154 1676 de
1168 1601 1366 1695 Antiochia,
1384 1613 1439 1674 etc
1443 1655 1648 1678 ......

246 1729 390 1819 Verum,
408 1749 489 1800 cum
503 1726 550 1800 ad
567 1748 707 1800 omnem
723 1729 971 1802 exaltationem
986 1749 1083 1800 sacre
1100 1727 1321 1822 imperatorie
1334 1727 1523 1819 majestatis
1537 1727 1651 1801 inten-

247 1852 333 1925 dere
343 1852 418 1924 sine
429 1851 682 1924 intermissione
695 1851 812 1944 aliqua
824 1861 1021 1943 teneamur,
1039 1873 1177 1948 vospro
1189 1861 1286 1946 parte
1299 1851 1508 1924 serenissimi
1521 1850 1653 1926 domini

247 1976 355 2071 patris
370 1976 480 2050 nostri
498 1975 668 2048 instanter
681 1975 909 2070 requirimus,
927 1985 964 2048 et
978 1997 1025 2047 ex
1041 1983 1159 2046 nostra
1175 1995 1336 2067 rogamus
1348 1975 1514 2047 attentius
1529 1984 1651 2069 quate-

246 2121 327 2190 nus,
336 2099 427 2174 sicut
440 2121 597 2193 unquam
612 2100 704 2172 circa
717 2100 908 2196 imperialia
921 2098 1101 2192 obsequia,
1114 2098 1161 2171 ad
1175 2120 1243 2191 que
1257 2117 1320 2170 vos
1333 2097 1469 2170 deditos
1484 2099 1558 2170 lore
1574 2119 1653 2191 cog·

246 2222 440 2315 noscimus,
456 2223 578 2317 vigiles
596 2231 631 2295 et
646 2223 771 2296 soliciti
786 2223 967 2313 extitistis,
984 2223 1033 2294 ita
1050 2221 1096 2294 ad
1110 2242 1254 2317 presens
1275 2230 1311 2293 et
1329 2221 1365 2292 in
1385 2221 1540 2293 futurum
1556 2243 1652 2295 more

246 2347 349 2420 solito
365 2355 402 2418 et
414 2346 537 2440 magis,
554 2347 584 2418 si
598 2347 667 2420 dici
678 2357 806 2443 potest,
821 2348 857 2418 in
873 2367 977 2421 omne
992 2354 1219 2438 augmentum
1232 2353 1268 2416 et
1280 2343 1447 2417 honorem
1465 2345 1653 2442 imperialis

247 2470 409 2542 culminis
428 2469 633 2560 existentes,
650 2491 714 2566 per
728 2491 873 2564 operum
890 2468 1079 2542 efficaciam
1093 2477 1210 2542 uester
1221 2466 1378 2558 allectus,
1391 2469 1491 2562 quasi
1504 2469 1541 2540 in
1555 2477 1655 2541 natu·

247 2615 322 2666 ram
336 2615 539 2681 conversus,
553 2593 590 2664 in
604 2603 792 2689 conspectu
806 2593 1014 2666 serenissimi
1030 2592 1138 2688 patris
1153 2591 1262 2663 nostri
1281 2612 1344 2686 per
1364 2590 1524 2664 ellectum
1539 2593 1654 2688 operis

246 2737 311 2790 vos
333 2715 547 2790 demonstret
570 2715 780 2788 laudabilem
803 2726 839 2790 et
859 2725 1054 2811 acceptum.
1086 2716 1271 2810 Propterea
1295 2714 1462 2787 noveritis
1487 2737 1550 2810 per
1574 2738 1653 2810 pra·

247 2849 365 2912 sentes
379 2839 475 2933 quod
490 2839 548 2914 die
562 2861 633 2932 qua
646 2839 746 2912 litere
761 2840 893 2935 pretate
909 2860 973 2935 pro
989 2848 1088 2934 parte
1104 2837 1261 2930 ejusdem
1282 2836 1372 2929 regis
1391 2837 1553 2930 illustris,
1570 2837 1652 2912 cha·

248 2963 374 3039 rissimi
399 2963 512 3035 iratris
533 2964 660 3051 nostri,
687 2963 787 3034 nobis
809 2971 1007 3059 presentata
1030 2963 1193 3052 luemnt,
1215 2982 1279 3056 per
1305 2961 1472 3033 nuncium
1498 2971 1654 3034 nostrum

247 3086 434 3181 specialem
447 3086 630 3158 didicimus
645 3087 827 3159 manifeste
840 3087 936 3179 quod
951 3085 1190 3157 serenissimus
1205 3093 1305 3180 pater
1319 3093 1439 3157 noster
1452 3085 1547 3180 apud
1562 3086 1653 3157 Tau-

247 3209 363 3281 riuum
384 3210 556 3301 existens,
572 3209 747 3282 intellecto
766 3208 1003 3283 Parmensium
1025 3207 1176 3282 nefando
1197 3230 1379 3304 processu,
1399 3209 1465 3281 iter
1485 3209 1651 3304 arripuit,

247 3355 371 3406 versus
391 3335 549 3405 Parmam
572 3333 717 3406 feliciter
732 3334 906 3406 veniendo
926 3333 962 3404 in
986 3331 1129 3404 brachio
1150 3333 1288 3404 excelso
1310 3341 1346 3404 et
1369 3353 1475 3404 manu
1500 3333 1651 3428 potenti,

247 3456 294 3529 ad
306 3457 462 3552 ipsorum
476 3457 712 3529 Parmensium
725 3457 904 3546 malitiam,
918 3467 959 3528 ut
970 3456 1147 3548 convenit,
1164 3455 1316 3529 totaliter
1329 3457 1570 3529 refrenandam
1588 3481 1597 3525 ε
1619 3468 1654 3530 et

248 3580 344 3672 quod
355 3581 431 3671 jam
452 3602 532 3652 cum
552 3580 794 3652 innumerabili
811 3581 967 3652 exercitu
988 3601 1051 3652 sua
1072 3567 1185 3652 castra
1205 3580 1420 3674 applicuerat
1435 3590 1555 3653 contra
1571 3582 1654 3653 Par-

248 3725 341 3776 mam
356 3712 392 3776 et
405 3702 572 3798 usquead
583 3713 688 3799 caput
700 3705 814 3800 pontis
826 3704 974 3777 civitatis
985 3704 1107 3798 ipsius,
1121 3713 1158 3775 et
1169 3703 1264 3797 quod
1276 3703 1350 3796 jam
1367 3703 1503 3776 tertiam
1517 3716 1651 3799 partem

251 3837 341 3899 terre
356 3827 448 3898 illius
462 3827 539 3922 capi
553 3837 588 3899 et
603 3829 796 3923 expugnari
808 3830 936 3901 iecerat
946 3827 1091 3898 viriliter
1105 3835 1141 3898 et
1155 3835 1317 3921 potenter
1322 3853 1332 3917 ς
1350 3835 1386 3898 et
1397 3827 1447 3899 sic
1460 3829 1653 3900 successive

250 3970 390 4021 omnem
415 3950 567 4044 ipsorum
593 3949 829 4023 tortitudinem
854 3949 1110 4047 expugnando,
1133 3963 1204 4021 tam
1226 3949 1399 4021 civitatem
1420 3951 1531 4044 ipsam
1548 3973 1652 4044 quam

250 4071 411 4145 comitem
430 4071 664 4162 Boniiacium‚
682 4082 718 4144 et
738 4073 824 4145 alios
840 4074 958 4170 plures
973 4072 1108 4167 imperii
1124 4071 1317 4167 proditores
1339 4071 1424 4142 inibi
1445 4073 1650 4163 existentes,

249 4197 347 4269 velut
363 4197 516 4270 reclusos
533 4197 570 4268 in
590 4197 733 4291 cadem,
750 4197 876 4271 victrix
897 4219 1021 4272 manus
1042 4197 1178 4292 imperii
1195 4196 1308 4291 capiet
1325 4205 1360 4269 et
1376 4207 1534 4270 conteret
1550 4209 1654 4294 prout

250 4317 362 4392 decet.
