4352 5940
502 573 564 654 eis
1002 601 1217 667 rnrosrucr
1242 607 1415 670 succum
1722 616 1805 698 [an.
1822 619 1908 682 tata.

503 731 700 826 dispendio,
715 732 872 806 statuatis
897 742 931 806 et
954 734 1093 810 irritetis
1110 735 1187 836 (ric)
1211 741 1376 838 deinceps
1399 765 1422 816 a
1444 745 1544 818 vobis
1567 747 1852 850 refragabiliter(
1876 752 1912 850 ')

501 853 733 928 observarint
747 856 1054 932 illorumomnium
1067 862 1127 954 qni
1142 863 1276 938 inventi
1290 866 1418 939 luerint
1432 869 1564 964 aliquid
1579 880 1726 946 tractare
1739 876 1795 948 vel
1809 877 1911 950 ctiam

505 978 705 1050 tractavisse
721 979 757 1051 in
774 981 927 1053 levorem
948 981 1119 1056 Frederici
1139 985 1285 1080 predicti
1306 998 1342 1061 et
1364 991 1613 1064 detrimentum
1632 996 1781 1070 civitatis
1798 1008 1912 1072 vestre

508 1099 564 1172 vel
584 1100 756 1173 societatis
768 1103 988 1197 dispendium
1004 1107 1256 1197 Lembardie,a
1273 1121 1428 1207 tempore
1446 1135 1516 1207 quo
1531 1115 1756 1212 depositionis
1773 1121 1912 1194 tulimus

504 1224 711 1296 sententiam
734 1225 769 1296 in
796 1227 975 1321 eumdem,
995 1229 1087 1302 bona
1109 1232 1263 1325 quelibet
1283 1235 1504 1329 publicentur
1524 1241 1648 1312 vestris
1672 1244 1911 1316 communibus

503 1347 623 1420 usibus
649 1348 870 1444 applicanda,
891 1351 941 1422 eis
964 1361 1034 1424 tam
1054 1353 1099 1426 do
1115 1365 1230 1428 vestra
1251 1379 1357 1452 quam
1377 1359 1421 1432 do
1442 1362 1603 1435 omnibus
1621 1365 1698 1436 aliis
1715 1365 1911 1440 civitatibus

505 1471 679 1543 societatis
695 1473 849 1567 predicte
863 1485 1033 1570 perpetuo
1053 1477 1278 1572 forbannitis3
1302 1504 1451 1576 quorum
1465 1482 1527 1556 filii
1542 1496 1577 1558 et
1589 1499 1737 1583 nepotas
1751 1489 1799 1561 ad
1815 1492 1910 1563 nulla

504 1595 643 1690 penitus
669 1595 781 1668 officia
806 1598 862 1669 vel
880 1601 1092 1694 potestarias
1118 1603 1153 1672 in
1180 1613 1294 1677 vestra
1324 1607 1379 1678 vel
1406 1607 1524 1701 aliqua
1552 1611 1726 1684 societatis
1754 1615 1909 1707 ejusdem

504 1719 644 1792 civitate
661 1721 706 1793 de
723 1732 839 1794 cetero
853 1733 1086 1798 assumantur.
1104 1726 1156 1797 llli
1172 1748 1255 1800 vero
1270 1729 1330 1822 qui
1349 1731 1435 1802 tales
1453 1731 1669 1808 inofficiatas
1685 1757 1746 1808 sue
1762 1737 1909 1810 civitatis

504 1845 776 1941 presumpserint
791 1867 967 1919 assumere
979 1851 1034 1921 vel
1050 1850 1153 1922 etiam
1168 1862 1376 1947 potestates,
1393 1841 1430 1927 se
1450 1857 1612 1930 noverint
1630 1861 1907 1934 excommunica·

507 1968 608 2040 tionis
626 1969 795 2041 sententia
809 1971 994 2044 innodatos
1008 1983 1044 2045 et
1067 1983 1175 2046 terras
1197 1997 1318 2049 eorum
1338 1981 1583 2075 supponendas
1606 1984 1839 2057 ecclesiastico
1855 1985 1907 2057 in·

502 2092 661 2178 terdicto

499 2265 509 2282 .
549 2217 678 2290 Datum
691 2217 862 2312 Lugduni,
879 2221 924 2292 Vl
938 2219 1106 2294 kalendas
1120 2222 1214 2314 maii,
1232 2223 1452 2319 pontificatus
1467 2228 1576 2300 nostri
1590 2250 1683 2303 anno
1697 2231 1833 2324 quinto.

324 2788 449 2887 ...Q
556 2788 796 2871 Innocentius
819 2814 917 2896 papa
940 2788 988 2874 Ο.
1011 2789 1170 2872 Sanctae
1191 2789 1331 2874 Mariae
1355 2791 1393 2873 in
1413 2791 1483 2874 Via
1509 2793 1601 2876 Lata
1627 2794 1787 2878 diacono
1811 2821 1905 2876 car-

502 2919 638 3027 dinali,
654 2920 890 3029 Apostolicce
909 2921 1016 3004 Sedis
1032 2921 1173 3032 legato,
1193 2923 1352 3006 mandat
1369 2933 1412 3006 ut
1428 2923 1528 3009 filios
1541 2935 1578 3008 et
1595 2935 1750 3034 nepotes
1767 2927 1905 3010 Fride-

502 3053 570 3136 rici
598 3053 793 3164 quondam
822 3055 1083 3162 imperatoris,
1111 3056 1367 3164 marchiones,
1392 3059 1571 3166 comites,
1599 3057 1782 3165 barones,
1814 3071 1904 3166 etc,

502 3186 674 3296 ejusdem
693 3186 873 3290 lautores,
887 3187 1114 3270 nominatim
1131 3188 1447 3295 excommunicet,
1461 3187 1571 3272 villas
1589 3198 1626 3272 et
1643 3201 1767 3273 castra
1784 3190 1904 3274 eidem

502 3320 746 3404 adhaerentia
771 3319 971 3403 interdicto
997 3331 1205 3430 supponat,
1228 3346 1457 3429 crucemque
1478 3333 1610 3404 contra
1635 3322 1832 3406 Ezelinum
1858 3325 1906 3406 de

502 3453 675 3536 Romano
702 3463 740 3535 et
770 3463 936 3537 caeteros
960 3453 1149 3536 Ecclesiae
1181 3453 1356 3537 inimicos
1382 3453 1572 3563 praedicet
1600 3465 1667 3538 aut
1697 3456 1904 3565 praedicari

502 3584 628 3668 iaciat.

583 3800 685 3877 (ltdtd.
698 3800 832 3871 nomm,
841 3800 925 3862 Katr.
934 3797 1050 3860 Friedr.
1062 3800 1102 3876 11,
1113 3801 1252 3878 append..
1263 3819 1294 3879 p.
1309 3810 1379 3875 tte,
1391 3811 1426 3862 n·
1435 3809 1485 3880 tt,
1495 3818 1512 3862 c
1521 3803 1621 3878 ragtst·
1634 3801 1837 3864 ltttcr.1nnoc.
1849 3802 1902 3877 lv,

619 3911 651 3968 tn
666 3905 745 3969 Btbl.
756 3908 900 3968 Valltccll.
914 3909 1002 3970 Rom.
1015 3908 1045 3968 l.
1056 3917 1148 3968 55.—
1155 3907 1259 3970 Collct.
1270 3925 1339 3970 cum
1348 3907 1415 3968 cod.
1431 3908 1473 3969 Lo
1487 3909 1574 3970 Porto
1584 3909 1625 3968 du
1638 3908 1736 3987 Theti,
1746 3907 1901 3968 luBlbltot.

621 4015 720 4075 Cesar.
738 4015 846 4086 Parls.‚
862 4020 885 4072 t.
901 4012 981 4091 XX.)

548 4199 782 4289 Innocentius,
799 4210 883 4290 etc,
900 4200 941 4272 Ο.
967 4209 1085 4271 sancte
1099 4199 1205 4272 llarie
1224 4199 1260 4270 in
1278 4198 1340 4270 Via
1356 4199 1440 4270 lata
1454 4197 1600 4270 diacono
1616 4197 1796 4286 cardinali,
1807 4195 1901 4291 Apo·

499 4325 619 4398 stolicc
633 4323 731 4394 Sedis
743 4324 871 4415 legato,
883 4332 949 4394 eto.
958 4323 1145 4394 instantem
1163 4322 1437 4417 persecutionem
1452 4322 1603 4394 Ecclesie
1616 4340 1659 4393 ac
1673 4320 1902 4416 persecutoris

501 4449 720 4545 tyrannidem
732 4447 929 4540 diligentius
942 4447 1174 4536 attendentes,
1186 4447 1342 4539 cogimur
1351 4445 1531 4539 querendo
1547 4445 1701 4518 remedia
1716 4465 1901 4540 procurare

499 4581 619 4644 contra
641 4573 719 4642 illos
741 4570 800 4664 qui
823 4570 1060 4665 persecutioni
1078 4569 1276 4662 hujusmodi
1300 4569 1391 4642 lacto
1413 4570 1468 4641 vel
1490 4569 1603 4660 dicto,
1625 4590 1692 4664 ope
1714 4569 1771 4640 vel
1796 4587 1901 4662 opere

499 4717 639 4768 causam
656 4705 821 4791 prestant.
841 4695 924 4767 Cum
945 4693 1049 4788 igitur
1064 4694 1162 4766 multi
1182 4693 1227 4766 de
1243 4693 1390 4765 diversis
1405 4693 1561 4789 partibus
1581 4692 1764 4765 Fredcrico
1788 4711 1899 4784 quon·
