4306 5914
192 655 294 715 troica.
309 650 357 730 6.]
633 644 831 709 tttstetttt
856 645 1152 710 tttrtottttmt.

244 1180 479 1287 Fridericus,
514 1179 772 1262 Romanorum
811 1177 1036 1286 imperator,
1065 1176 1147 1287 regi
1180 1175 1375 1258 Sardiniae
1410 1173 1490 1260 filio
1525 1199 1597 1258 suo
1649 1181 1777 1236 “mm-¹

192 1325 323 1399 narrat
343 1313 468 1398 felices
486 1339 578 1397 suos
595 1313 635 1394 in
654 1311 825 1422 partibus
844 1309 1109 1396 Montislerrati
1128 1335 1337 1395 successus.

272 1526 367 1607 (Edlt.
383 1529 415 1598 tn
425 1525 509 1587 Petri
521 1523 557 1586 de
574 1525 640 1588 Vin.
654 1525 753 1605 epist,
767 1524 819 1586 ltb.
830 1525 872 1604 Il,
883 1541 948 1602 cap.
963 1525 1019 1599 Ll;
1033 1525 1102 1587 coll.
1116 1541 1185 1588 cum
1198 1524 1265 1586 cod.
1280 1521 1357 1588 etot.
1372 1523 1471 1586 Ceam.
1486 1523 1596 1596 Parte,

303 1632 398 1714 sends
408 1634 612 1709 Nom-llatae,
629 1643 662 1696 n·
676 1641 747 1710 202,
760 1629 886 1714 etsoodr
900 1629 1143 1694 saint-denaia
1155 1627 1279 1712 llarlcy,
1294 1639 1326 1692 n·
1338 1633 1423 1708 tot.)

143 1834 149 1848 ·
237 1821 312 1894 Etsi
327 1820 604 1918 provenientium
620 1821 721 1894 nobis
737 1819 773 1892 in
789 1821 945 1918 partibus
958 1819 1032 1892 istis
1048 1819 1095 1893 ad
1107 1829 1190 1893 vota
1204 1839 1424 1892 successuum
1437 1819 1511 1911 jam
1528 1818 1600 1890 ire·

188 1969 305 2042 quens
320 1946 366 2019 ad
386 1956 419 2019 te
435 1946 647 2019 celsitudinis
665 1957 782 2019 nostre
799 1946 898 2020 litera
911 1945 1056 2018 relativa
1071 1945 1243 2042 pervenit,
1261 1953 1301 2016 ut
1320 1953 1378 2016 tue
1397 1952 1512 2015 tamen
1534 1965 1598 2015 ex·

187 2069 398 2166 peccationis
412 2071 554 2143 allectus
570 2091 662 2144 nova
675 2092 841 2167 prospera
856 2080 966 2143 status
981 2071 1090 2144 nostri
1105 2070 1304 2143 continuata
1323 2065 1501 2159 letificent,
1519 2088 1600 2163 pre·

186 2195 344 2267 sentium
365 2194 426 2267 tibi
445 2205 565 2268 tenore
584 2171 812 2268 describimus
827 2194 922 2289 quod
943 2194 1043 2268 terris
1058 2196 1219 2267 omnibus
1235 2191 1441 2266 marchionis
1456 2191 1600 2264 Montis·

186 2318 311 2390 ferrati
336 2319 579 2412 urgentissima
600 2319 870 2416 depopulatione
890 2320 1050 2411 vastatis,
1078 2329 1280 2413 castraque
1304 2315 1458 2413 potentie
1481 2325 1601 2388 nostre

185 2443 412 2540 processibus
424 2443 634 2517 videbantur
646 2444 831 2536 obsistere,
848 2447 939 2518 lerro
959 2444 1164 2539 llammeque
1181 2443 1381 2536 subjicimus
1398 2461 1407 2510 τ
1426 2451 1462 2514 et
1476 2451 1602 2514 cuncta

186 2568 312 2660 nobis,
329 2579 370 2640 ut
386 2579 419 2641 te
439 2568 593 2642 breviter
608 2570 838 2662 alloquamur,
857 2569 893 2641 in
913 2570 1068 2666 partibus
1087 2569 1160 2641 istis
1180 2567 1227 2641 ad
1244 2568 1408 2665 placitum
1425 2566 1602 2640 desidera·

186 2692 251 2763 bili
268 2703 397 2764 eventu
413 2693 606 2765 successive
622 2694 888 2789 respondemnt.
902 2695 974 2766 Hec
988 2693 1128 2788 quidem
1143 2693 1230 2765 scire
1254 2705 1286 2764 te
1300 2693 1461 2766 volumus
1476 2699 1512 2764 et
1527 2713 1603 2786 pre-

186 2817 301 2888 sentis
323 2817 481 2888 lectionis
500 2839 623 2913 sapore
639 2817 837 2914 percipere,
857 2826 982 2892 utnon
999 2820 1111 2891 solum
1127 2818 1190 2890 tibi
1205 2818 1384 2889 materiam
1404 2816 1606 2910 hujusmodi

182 2941 415 3034 jocunditatis
431 2941 638 3033 exhibeant,
655 2943 717 3015 sed
735 2944 833 3017 velut
850 2965 933 3017 vera
945 2941 997 3041 (a)
1018 2941 1176 3039 presagia
1197 2943 1311 3013 future
1333 2941 1445 3014 leticie
1468 2941 1602 3013 lirmam

186 3063 357 3137 fiduciam
376 3073 615 3161 representent
630 3066 725 3158 quod
747 3089 788 3139 ea
806 3066 873 3139 tuis
893 3069 1035 3140 auribus
1049 3067 1138 3140 inlra
1155 3066 1229 3139 dies
1247 3065 1471 3161 paucissimos
1484 3065 1605 3138 odere-

186 3211 282 3280 mus,
301 3211 347 3261 ex
360 3189 487 3283 quibus
500 3190 681 3263 manifeste
695 3191 911 3288 perpendere
924 3192 1055 3288 poteris
1071 3191 1246 3265 laboribus
1256 3189 1383 3263 nostris
1395 3189 1430 3261 in
1444 3188 1604 3286 proximo

186 3313 298 3386 linem
317 3315 526 3388 laudabilem
539 3313 801 3412 imponendum.

243 3861 488 3946 Innocentius
512 3886 611 3972 papa
630 3860 835 3970 quemdam
853 3859 1062 3970 principem
1083 3871 1212 3946 monet
1230 3887 1279 3945 ne
1302 3859 1408 3944 falsis
1430 3883 1530 3973 quae
1554 3857 1603 3948 de
1654 3873 1782 3941 rtrum-t

187 4021 286 4104 paoe
321 3995 420 4078 inter
448 4019 489 4078 se
519 4004 558 4078 et
584 3993 815 4077 Fridericum
842 3995 1038 4102 quondam
1064 3995 1330 4104 imperatorem
1358 3993 1602 4080 reformanda

188 4128 326 4211 relerri
346 4137 521 4238 possent,
540 4127 655 4211 fidem
674 4127 869 4234 adhibeat,
892 4127 989 4210 dum
1014 4129 1141 4211 nuncii
1160 4155 1257 4240 quos
1284 4155 1349 4212 rex
1368 4130 1602 4214 Francorum

188 4287 236 4344 ex
246 4261 534 4372 partecjusdem
546 4262 723 4346 Friderici
733 4262 854 4345 audiit
871 4261 920 4345 de
933 4263 1126 4372 pmposito
1144 4290 1214 4348 suo
1232 4265 1402 4349 frustrati
1419 4265 1600 4373 abierint,

188 4393 276 4502 ipso
293 4421 384 4506 rege
396 4394 468 4478 iter
485 4395 799 4506 peregrinationis
818 4422 910 4480 suae
927 4408 1189 4506 persequente.

204 4627 209 4634 ·
274 4607 923 4692 (nent.uea.autcem.vnuon0n.
939 4591 1189 4696 aceretae,
1205 4615 1440 4695 amoenum
1456 4619 1564 4698 reto.)

234 4767 278 4850 (ιι)
301 4772 337 4834 Ιιι
350 4772 452 4834 oodtoe
462 4747 546 4834 atro.
