4352 5940
543 597 605 660 570
1042 593 1258 658 ruinnaldi
1276 597 1453 662 suerunt
1762 599 1845 678 [Ans.
1864 601 1952 668 lw.

407 753 410 758 ¹
542 742 662 806 nostro
682 751 848 827 prospere
866 740 1065 823 gesserant,
1083 730 1257 804 debellata
1280 731 1427 806 viriliter
1451 742 1487 806 et
1507 742 1679 824 cremeta3
1697 733 1795 806 locus
1813 735 1954 812 Berselb

542 856 606 951 qui
620 866 674 928 est
688 855 725 927 in
739 854 813 950 ripa
827 853 977 926 fluminis
998 853 1094 944 Padi,
1114 854 1209 927 unde
1221 854 1269 927 ad
1282 855 1485 928 parmenses
1498 855 1640 930 eosdem
1653 856 1802 930 rebelles
1816 868 1953 934 nostros

542 1003 607 1076 per
618 983 822 1054 Mantuanos
838 987 874 1051 at
886 978 1121 1052 Ferrarienses
1134 1000 1279 1073 persepe
1294 979 1511 1070 victualium,
1523 980 1606 1054 salis
1621 988 1658 1052 et
1671 979 1821 1052 aliorum
1833 1003 1952 1058 neces·

543 1103 712 1176 sariorum
727 1101 872 1174 munitio
888 1101 1077 1193 ferebatur,
1092 1100 1238 1174 viriliter
1252 1102 1369 1174 extitit
1383 1111 1621 1197 expugnatus,
1640 1101 1753 1197 captis
1774 1103 1950 1177 nonnullis

542 1226 786 1300 Parnensibus
808 1225 950 1320 prelatis
971 1223 1102 1298 ibidem
1118 1224 1238 1319 positis
1252 1224 1301 1298 ad
1316 1226 1473 1298 tutelam.
1490 1226 1623 1317 Quem,
1637 1227 1736 1299 velut
1750 1225 1951 1322 dispendio·

541 1373 620 1424 sum
636 1351 810 1442 hostibus,
825 1348 910 1422 dum
928 1349 1011 1422 inde
1026 1370 1098 1422 non
1115 1349 1229 1422 minus
1245 1371 1351 1443 mam
1368 1349 1429 1422 ubi
1445 1349 1590 1445 nosipsi
1606 1349 1839 1444 persistimus,
1853 1371 1951 1426 arce·

542 1487 684 1567 rentur,
707 1473 835 1546 muniri
863 1473 1010 1546 fossatis
1025 1485 1062 1546 et
1081 1473 1157 1546 aliis
1182 1472 1385 1546 necessariis
1407 1471 1667 1562 mandavimus,
1691 1474 1854 1569 predictis
1879 1473 1951 1550 lilio

541 1609 661 1672 nostro
677 1609 713 1670 et
726 1598 867 1670 Ezelino
879 1597 1009 1670 ibidem
1018 1619 1129 1690 usque
1142 1597 1187 1670 ad
1197 1599 1340 1692 plenum
1349 1596 1513 1669 mandate
1523 1597 1723 1672 munitionis
1731 1599 1950 1676 antonno

542 1723 681 1796 arura
698 1721 887 1796 omnus
904 1720 1114 1794 manuus
1132 1721 1187 1793 cur
1207 1720 1254 1793 aa
1272 1720 1581 1794 ueuoranensum
1597 1729 1632 1793 a
1645 1720 1794 1794 aramum
1815 1731 1949 1798 mooe
2073 1719 2078 1731 ·
2174 1689 2175 1706 '

543 1869 621 1917 rum
631 1845 811 1917 rebellium
821 1819 990 1916 auritium
1002 1845 1116 1918 luerat
1126 1867 1188 1940 per
1198 1844 1568 1939 apostolicumdudum
1578 1844 1623 1918 de
1632 1844 1948 1941 Transalpinispan

543 1969 635 2042 tibus
653 1969 837 2043 commissa
852 1968 1079 2058 transductio,
1091 1978 1127 2039 et
1137 1964 1274 2066 [qui]ea
1289 1968 1402 2063 perd.
1413 1968 1574 2040 comitem
1588 1969 1948 2057 Sabaudie,dilectum

541 2093 836 2196 consanguineum
852 2103 887 2164 et
901 2091 1039 2164 fidelem
1054 2104 1226 2180 nostrum,
1243 2092 1279 2162 in
1297 2114 1402 2164 manu
1418 2092 1498 2163 sorti
1513 2091 1558 2164 de
1571 2091 1736 2163 mandato
1749 2100 1866 2163 nostre
1882 2094 1949 2164 oel-

475 2199 480 2210 ’
541 2217 701 2290 situdinis
717 2216 906 2310 denegata,
925 2215 1158 2289 Mediolanum
1174 2214 1301 2285 furtive
1317 2215 1574 2307 quodammodo
1594 2215 1660 2285 sub
1680 2213 1805 2292 inermi
1820 2225 1856 2286 et
1872 2235 1947 2286 mo·
2052 2274 2055 2281 r

541 2341 619 2417 dica
634 2341 796 2414 comitiva
810 2349 1033 2434 pervenerat3
1052 2340 1099 2412 ad
1115 2339 1313 2410 instantiam
1326 2339 1367 2410 G.
1380 2339 1425 2410 de
1442 2337 1792 2431 Monlelongo,legati
1806 2345 1947 2434 aposto·

540 2467 597 2539 lici
618 2467 712 2561 apud
734 2467 891 2538 Parmam
914 2461 1055 2554 intrusi,
1074 2463 1225 2533 eundem
1250 2461 1295 2533 de
1316 2484 1481 2534 succursu
1502 2461 1678 2534 Parmensi
1694 2483 1757 2556 per
1772 2461 1890 2534 literas
1912 2472 1948 2536 et

540 2589 686 2662 nuncios
713 2588 829 2684 sepius
853 2585 1079 2678 requirentis,
1102 2585 1427 2674 Mediolanensium,
1449 2585 1699 2674 Brixiensium‚
1717 2587 1945 2658 Mantuanen·

540 2715 647 2802 sium,
662 2711 930 2784 Ferrariensium
946 2719 981 2780 et
996 2708 1142 2781 aliorum
1161 2720 1357 2782 nostrorum
1377 2710 1557 2781 rebellium
1577 2709 1731 2804 possibili
1752 2708 1946 2782 coadunato

540 2837 709 2932 presidio,
725 2835 820 2908 veuit
843 2832 1044 2906 marchione
1067 2833 1201 2905 Estensi
1224 2843 1260 2904 ct
1275 2834 1437 2906 Alberico
1457 2833 1502 2906 de
1520 2833 1693 2923 Romano,
1713 2833 1946 2929 proditoribus

539 2961 689 3050 nostrie,
706 2959 819 3054 ipsum
837 2957 919 3028 illuc
936 2957 1198 3047 comitantibus,
1215 2957 1261 3029 ad
1278 2958 1444 3030 Tallalam
1454 2953 1523 3054 (l),
1541 2958 1656 3030 locum
1671 2956 1834 3030 videlicet
1851 2955 1945 3030 unde

540 3106 620 3179 pars
644 3083 791 3180 predicti
815 3080 966 3154 fluminis
989 3079 1179 3154 derivatur.
1198 3081 1297 3154 Unde
1323 3081 1488 3176 predictis
1509 3080 1749 3152 Parmensibus
1773 3089 1810 3152 et
1831 3080 1945 3174 legato

539 3206 720 3279 transitum
736 3217 772 3277 et
787 3226 986 3276 succursum
1004 3203 1249 3299 impossibilem
1265 3204 1522 3300 repromittens,
1537 3204 1677 3299 prelatis
1690 3202 1761 3275 filio
1775 3212 1894 3276 nostro
1911 3214 1946 3275 et

536 3329 678 3402 Ebelino
698 3351 780 3401 cum
801 3329 910 3400 electa
928 3325 1050 3398 militia
1067 3336 1102 3400 et
1117 3327 1274 3423 peditum
1298 3327 1519 3400 multitudine
1535 3327 1701 3424 oppositis
1716 3349 1762 3400 ex
1777 3327 1942 3419 adverso,

538 3455 758 3526 obsessorum
782 3461 864 3524 vota
889 3461 1058 3545 concepta
1078 3453 1308 3542 verbotenus,
1331 3451 1376 3524 de
1400 3471 1469 3544 qna
1493 3451 1715 3547 patiebantur
1740 3451 1944 3524 necessitate

537 3597 723 3672 suspensa,
743 3597 822 3648 cum
838 3573 934 3647 aliud
950 3574 1033 3646 inde
1048 3573 1264 3668 nequiverit,
1282 3596 1347 3670 per
1363 3574 1591 3672 impossibiles
1606 3572 1852 3670 promissiones
1867 3574 1942 3645 elu-

537 3701 594 3773 sil.
619 3701 664 3773 Et
696 3701 745 3772 sic
776 3698 1016 3772 parmensibus
1049 3699 1255 3794 supradictis
1283 3721 1348 3794 per
1376 3699 1524 3795 duplicis
1552 3697 1742 3772 obsidionis
1768 3699 1944 3790 objectum

536 3825 649 3897 omnis
667 3844 850 3895 succursus
865 3833 900 3894 et
912 3821 1113 3894 munitionis
1129 3822 1259 3894 auxilio
1276 3823 1461 3916 denegato,
1478 3821 1559 3894 salis
1574 3821 1679 3894 eliam
1693 3831 1729 3894 et
1740 3821 1943 3894 victrrdiurn

535 3949 630 4044 ipsos
645 3957 824 4043 premente
842 3945 997 4040 deiectu,
1021 3947 1147 4019 amodo
1162 3945 1299 4018 differre
1318 3969 1388 4020 non
1408 3957 1573 4042 poterunt
1598 3946 1682 4041 quin
1701 3967 1824 4019 vocem
1843 3945 1942 4018 dedi·

536 4073 639 4145 tionis
652 4071 829 4159 emittant,
844 4080 948 4166 prout
968 4091 1030 4164 per
1049 4072 1167 4165 plures
1185 4091 1305 4142 eorum
1325 4070 1372 4142 ad
1392 4069 1603 4142 cardinalem
1619 4077 1653 4142 et
1667 4068 1942 4143 Mediolanenses

535 4197 686 4294 prelatos
696 4195 813 4267 literas
825 4193 1033 4288 interceptas
1046 4191 1254 4289 accepimus,
1271 4193 1398 4286 quibus
1416 4205 1494 4289 post
1509 4192 1786 4288 desperationem
1800 4214 1941 4264 succur-

534 4341 608 4410 sus,
628 4319 724 4413 quod
740 4340 776 4391 se
794 4316 965 4389 mandatis
977 4317 1104 4388 nostris
1118 4326 1334 4414 exponerent
1349 4317 1415 4388 sub
1429 4317 1663 4390 excusationis
1678 4317 1850 4390 velamine
1863 4315 1942 4389 des-

535 4443 726 4514 cribebant.
758 4443 813 4514 Ex
839 4439 1014 4536 premissis
1039 4439 1143 4532 igitur
1165 4438 1301 4513 firmam
1325 4461 1423 4535 spem
1443 4439 1676 4535 fiduciamque
1704 4440 1875 4537 concipite
1899 4461 1942 4512 ac

569 4714 606 4788 (r)
626 4712 929 4787 &alternamento
943 4710 1072 4786 raptaue
1085 4711 1115 4768 a·
1129 4709 1300 4785 ramme.
1315 4711 1441 4771 corone.
1455 4711 1891 4787 eeobrrmparepata.
