4318 5904
701 572 829 633 inunt
852 571 1198 635 successionum
1596 576 1659 642 983

664 917 719 962 sua
736 905 769 963 ln
786 902 947 964 Eccleslsm
964 901 1106 964 ddelltete
1123 904 1202 980 pesst
1219 908 1304 978 sunt,
1320 903 1362 964 eis
1375 905 1477 966 omnis
1488 904 1566 965 bona
1578 919 1654 982 quse

664 1003 794 1076 tempore
807 1006 904 1060 motae
914 999 1080 1062 discordiae
1092 1000 1276 1062 Eriderlcum
1284 1003 1360 1062 iuter
1371 1008 1401 1063 et
1410 1001 1570 1063 Ecclesium
1584 1019 1652 1080 pos·

664 1099 815 1176 sidebant,
829 1099 996 1160 coniirmst.
1594 1111 1651 1164 iit

425 1203 575 1282 Lugduni.
625 1225 665 1240 -
684 1196 835 1258 Lndnvlco
852 1198 1033 1258 Francorum
1049 1201 1126 1276 rogi,
1141 1198 1286 1259 Bleuebae
1299 1199 1386 1258 metri
1397 1200 1460 1275 elus
1472 1197 1652 1262 etnatribus

665 1301 762 1374 grates
779 1298 841 1372 egit
858 1295 938 1371 quud
951 1295 990 1354 ad
1004 1294 1170 1356 subsidium
1183 1297 1330 1356 Ecclesiae
1342 1297 1476 1356 militiam
1489 1299 1650 1373 persensii-

664 1397 708 1452 ter
721 1391 923 1452 edducendem
941 1390 1118 1470 obtulerint;
1139 1399 1240 1452 monet
1259 1399 1357 1454 tamen
1371 1393 1491 1470 quodiu
1505 1396 1650 1470 praesenti

664 1503 763 1547 rerum
777 1494 855 1548 stetu
869 1503 929 1548 non
939 1505 971 1548 se
980 1491 1136 1564 accingent
1146 1488 1185 1549 ad
1198 1492 1264 1561 iter,
1279 1505 1434 1566 quousque
1448 1507 1499 1567 per
1510 1493 1649 1552 nuntium

309 1629 317 1644 .
663 1587 710 1644 vel
727 1587 837 1645 litteras
853 1586 1372 1662 ipsosnpostolicasedesrocaverit.
1591 1598 1649 1650 ili

252 1700 270 1750 s
282 1692 360 1768 julil.
424 1686 575 1765 Lugduni.
623 1713 663 1726 -
683 1682 826 1758 Episcopo
848 1683 975 1743 Ostiensi
995 1689 1025 1742 et
1046 1683 1142 1744 tribus
1164 1684 1230 1743 aliis
1245 1681 1444 1744 cardinalibus
1460 1682 1498 1742 de
1511 1699 1650 1762 prospero

661 1795 858 1840 successusno
867 1785 970 1840 contre
978 1780 1158 1840 Frlderlcum
1165 1781 1314 1857 qnondam
1322 1781 1526 1856 imperatorem
1534 1782 1647 1858 scribit,

661 1879 836 1953 nuntiatque
853 1893 952 1954 regem
974 1877 1116 1938 Ernnclee
1138 1894 1279 1955 magnum
1298 1879 1459 1937 exercitum
1473 1894 1647 1954 convocare,

660 1975 1218 2050 quoiaclliusuovusresllomenorum
1231 1975 1571 2053 inGormeulnellgatur.
1588 1987 1643 2038 ⁵⁵1
1669 1989 1674 2000 ·

419 2075 571 2155 Lugduni.
622 2101 660 2114 -·
679 2070 852 2146 Praeposito
868 2071 907 2130 de
924 2070 1080 2149 Olemberg
1097 2071 1218 2130 maudut
1236 2069 1317 2148 quod
1334 2070 1466 2131 homiues
1478 2070 1516 2131 de
1529 2071 1648 2136 Subrits

659 2173 690 2227 ct
702 2168 739 2226 de
751 2167 875 2228 Sarmon
890 2169 1049 2246 villamque
1061 2171 1155 2244 ipsam
1169 2168 1397 2240 Lucemeneem,
1412 2169 1469 2228 nisi
1480 2168 1647 2232 addelltate

658 2265 799 2324 Frlderici
823 2265 975 2336 recedant,
1008 2267 1318 2326 excommunicationis
1349 2266 1512 2326 sententiae
1535 2282 1645 2343 suppo-

657 2368 721 2422 nat.
1587 2373 1644 2426 tet

245 2469 283 2521 tt
298 2465 357 2526 oct.
419 2465 567 2545 Lugduni.
617 2491 658 2507 -
677 2461 763 2521 Petro
781 2461 883 2522 Sancti
902 2459 1019 2538 Georgii
1037 2459 1075 2520 ed
1090 2460 1195 2522 Velurn
1210 2460 1340 2522 Aureum
1360 2463 1484 2524 diacono
1503 2462 1645 2524 cerdlnull

655 2558 776 2618 mundat
798 2559 877 2634 quod
898 2558 1146 2633 archiepiscopum
1171 2557 1455 2637 lliagdebnrgeneem
1473 2561 1525 2635 qni
1540 2561 1645 2619 meul-

655 2658 787 2714 monlum
804 2658 878 2714 inter
891 2654 1071 2716 Eriderlcum
1086 2660 1116 2713 et
1128 2651 1220 2714 liliam
1233 2655 1317 2715 ducis
1329 2656 1474 2716 Senoniae
1489 2661 1641 2736 procurat,

653 2769 768 2812 necnon
790 2754 993 2812 Pamvlensem
1014 2767 1050 2812 ec
1074 2752 1293 2829 Frislngensem
1312 2755 1463 2830 episcopos
1482 2751 1643 2814 adsedem

654 2851 852 2926 Apostollcam
865 2853 950 2924 citet,
965 2855 1022 2910 etc.
1584 2857 1642 2910 iti

242 2954 276 3005 itt
287 2963 355 3008 nov.
414 2947 564 3027 Lugduni.
614 2973 655 2993 -·
674 2948 898 3024 iircblepiscopo
916 2947 1091 3025 Meguntlno
1114 2953 1144 3008 et
1163 2949 1285 3008 caeteris
1296 2947 1489 3008 Alemcnulne
1504 2947 1642 3024 praelatis

653 3045 755 3106 scribit
769 3047 807 3106 de
823 3045 964 3105 electione
977 3044 1120 3105 willelmi
1133 3047 1249 3104 comitis
1263 3044 1436 3105 Enllandiae
1449 3050 1479 3105 et
1491 3061 1544 3120 pro
1556 3050 1641 3104 tanto

652 3146 769 3220 negotio
783 3144 906 3202 viriliter
919 3141 1161 3202 consummando.
1582 3150 1639 3204 trs

242 3247 277 3298 ²5
287 3248 349 3318 jan.
412 3241 560 3320 Lugduni.
614 3267 653 3284 -··
672 3240 933 3316 Archiptesbytero
945 3240 982 3298 de
996 3239 1163 3299 Curtcuore
1178 3245 1208 3298 ct
1219 3237 1346 3299 lieberto
1359 3238 1397 3299 de
1411 3239 1541 3318 Cori-igis
1550 3256 1638 3300 cauo-

652 3339 720 3397 nico
737 3337 893 3414 Reglnensi
920 3336 1043 3395 mendtd
1062 3342 1096 3396 ut
1122 3338 1391 3396 excommunicatos
1408 3336 1582 3397 denuntient
1601 3338 1636 3398 lt.

651 3433 800 3510 quondam
816 3435 940 3508 priorem
955 3433 1123 3492 Columberi
1143 3438 1173 3492 et
1188 3432 1277 3510 hujus
1296 3435 1443 3509 prioretus
1462 3433 1636 3510 monachos,

651 3546 762 3591 necnon
777 3530 814 3589 G.
829 3529 924 3589 illium
937 3530 1096 3589 Bonucursl
1111 3529 1148 3588 de
1162 3529 1291 3600 Palude,
1305 3536 1364 3590 etc.
1462 3533 1466 3544 '
1579 3539 1638 3591 584

331 3655 337 3670 ·
380 3669 389 3687 .
413 3669 421 3688 .
445 3671 455 3689 .
478 3669 487 3689 .
512 3672 521 3690 .
546 3677 554 3694 .
586 3675 592 3690 .
616 3659 649 3672 -
670 3629 835 3688 Brixleuses
848 3627 982 3685 bortatur
1001 3632 1035 3684 ut
1048 3626 1163 3685 devicto
1178 3632 1248 3686 ente
1263 3627 1400 3687 Parmem
1415 3627 1562 3688 Eriderlco
1575 3645 1637 3688 nou

649 3723 850 3794 obdormiunt,
870 3722 922 3782 sed
940 3722 1063 3780 viriliter
1081 3729 1236 3796 assurgant
1252 3723 1284 3781 ln
1297 3722 1497 3784 defensionem
1510 3727 1637 3786 civitatis

649 3822 738 3898 hujus
757 3827 859 3880 contra
872 3826 1033 3895 tyrannum
1046 3825 1179 3879 extrema
1192 3819 1321 3880 remedia
1335 3821 1513 3882 molientem.
1576 3832 1634 3883 600

379 3963 590 3986 .......
610 3951 648 3962 -
667 3918 817 3979 Fidelibua
832 3917 987 3988 Ecclesiae,
1003 3915 1123 3976 iorsltan
1138 3918 1319 3994 Mantuanis,
1336 3917 1437 3977 scribit
1450 3924 1483 3978 ut
1495 3919 1633 3980 Parmen-

646 4015 728 4076 slbus
741 4017 838 4074 inedie
857 4016 1038 4090 consumptis
1053 4014 1184 4074 celeriter
1198 4013 1399 4091 provideatur.
1575 4025 1632 4078 not

408 4115 557 4193 Lugduni.
611 4145 646 4158 -
667 4113 715 4173 sd
727 4114 876 4190 querelem
889 4111 1016 4172 Conradl
1029 4115 1144 4172 comitis
1161 4113 1198 4171 de
1213 4111 1409 4188 Wasserburg
1422 4115 1631 4189 crucesignati,

646 4213 787 4288 episcopis
809 4211 949 4270 Bavariae
973 4209 1095 4269 mandat
1112 4209 1192 4285 quod
1213 4209 1318 4268 ducem
1345 4209 1486 4269 severiae
1510 4216 1541 4270 et
1560 4211 1633 4274 alios

645 4309 779 4368 infideles
793 4307 937 4366 Ecclesiae
949 4309 999 4382 qul
1015 4313 1111 4365 cestra
1125 4311 1155 4364 et
1168 4307 1363 4380 possessiones
1376 4307 1506 4384 ejusdem
1516 4312 1632 4371 comitis

645 4410 831 4475 invaserunt,
846 4421 896 4479 per
909 4405 1240 4464 excommunicationem
1255 4410 1396 4465 coercent.
1572 4415 1630 4468 olo

378 4539 385 4557 .
441 4543 449 4560 .
475 4544 513 4561 ..
542 4546 550 4564 .
581 4536 644 4564 .-
664 4504 860 4563 Bononienses
873 4501 1007 4561 bortatur
1027 4501 1065 4561 ad
1081 4501 1278 4561 defensionem
1295 4501 1418 4562 Puemne
1431 4503 1512 4562 etnd
1525 4508 1631 4566 remis·

644 4605 756 4662 sionem
769 4599 962 4676 quorumdum
976 4599 1171 4674 imperialium
1185 4601 1369 4676 captivorum
1382 4601 1434 4677 qui
1447 4603 1479 4659 ln
1490 4609 1630 4663 excentro

644 4697 843 4756 Parmensium
859 4697 1037 4755 retenentur.
1446 4704 1516 4768 610,
1532 4706 1595 4758 not.
1612 4708 1629 4760 t
