4352 5940
241 629 342 688 nne.
357 624 405 704 n]
685 621 884 684 ursronrn
907 620 1204 686 nrrnounrrcn.
1592 626 1654 692 sse

288 759 473 836 luiandam
486 757 551 831 sed
563 757 643 854 plus
655 755 878 853 nephandam
890 756 1109 853 tirannidem
1122 777 1227 850 quam
1239 755 1383 854 perfidia
1398 777 1480 832 seva
1492 759 1654 834 Parmen-

241 887 331 958 sium
347 885 385 956 in
402 904 468 956 nos
488 881 648 955 exercuit
668 879 734 954 hiis
753 881 897 972 diebus,
914 881 951 953 in
969 902 1051 954 arca
1073 881 1181 954 nostri
1203 882 1352 977 pectoris
1374 883 1565 956 recondere
1587 906 1651 958 ne·
1747 867 1750 878 ¹

239 1017 413 1106 queuntes
427 1007 513 1100 quin
527 1006 603 1098 ejus
611 1005 776 1078 violentia
791 1005 968 1078 silentium
981 1015 1120 1102 rumpat
1135 1013 1171 1078 et
1181 1015 1313 1078 reseret
1325 1007 1452 1079 ostium
1465 1007 1650 1102 lnhionrm,

239 1131 439 1206 celsitudini
451 1139 567 1202 vestre
582 1129 735 1224 presenti
750 1138 1006 1226 programmate
1022 1128 1240 1202 declaramus
1255 1129 1444 1224 quodcum
1458 1129 1515 1202 vir
1526 1131 1655 1206 nobilis

239 1255 404 1329 dominus
426 1249 639 1349 marchio(o)
656 1253 860 1326 Parmenses
875 1252 954 1325 illos
971 1275 1060 1346 qnos
1076 1252 1213 1349 pridem
1228 1275 1276 1326 ex
1291 1253 1475 1349 campestri
1490 1253 1654 1328 condictu

238 1378 361 1452 Martis
383 1399 514 1472 equum
531 1375 704 1469 judicium
723 1386 841 1450 vestro
861 1377 992 1450 carceri
1014 1376 1200 1468 relegavit,
1217 1377 1264 1450 ad
1286 1377 1444 1470 ejusdem
1466 1377 1653 1474 ereptionis

239 1500 306 1599 (cic
320 1502 360 1572 iu
377 1497 526 1596 duodus)
547 1501 696 1572 salutem
714 1500 844 1572 laceret
860 1497 1055 1590 coherceri,
1073 1521 1257 1572 commune
1279 1500 1401 1572 Parme
1423 1521 1486 1572 seu
1509 1501 1653 1574 consilio

239 1623 337 1697 latno
358 1644 423 1695 seu
450 1623 525 1696 solo
548 1622 672 1718 sphitu
696 1621 819 1696 rabido
841 1644 904 1694 seu
926 1621 1213 1696 concurrentibus
1237 1621 1304 1694 hiis
1327 1622 1482 1715 duobus,
1498 1623 1654 1720 captivos

239 1767 363 1820 omnes
378 1747 501 1820 Parme
519 1755 688 1841 repertos,
708 1755 779 1818 tam
800 1766 860 1818 eos
882 1745 943 1839 qui
963 1744 1140 1839 quondam
1164 1765 1228 1840 pro
1250 1765 1393 1818 suorum
1413 1745 1654 1843 redemptione

239 1871 381 1944 luerunt
407 1869 583 1942 distributi
605 1889 710 1962 mam
737 1879 872 1942 ceteros
896 1891 1067 1965 pauperes
1089 1878 1124 1941 et
1145 1889 1275 1962 egsum
1297 1869 1358 1962 qui
1378 1868 1450 1942 suis
1469 1871 1654 1964 penatibus

237 2004 480 2066 remanserunt
495 1991 590 2090 apud
606 2013 681 2084 eos,
701 2013 799 2065 more
815 1991 899 2065 fecis
910 1991 1072 2085 invegeto
1089 2013 1133 2064 oc
1149 1991 1382 2088 putretudinis
1397 1991 1433 2064 in
1449 1975 1597 2085 sentina,
1616 1994 1653 2066 in

238 2116 393 2210 quadarn
415 2137 523 2190 cavea
539 2116 604 2189 sub
622 2116 765 2212 pallatio
780 2135 844 2190 suo
859 2125 1058 2188 constructa
1078 2117 1175 2188 velut
1192 2137 1317 2211 porcos
1337 2115 1492 2206 inclusit,
1509 2137 1653 2212 sperans

239 2240 382 2314 eosdem
398 2261 480 2312 suos
496 2239 633 2312 inclitos
650 2238 793 2332 quidem
809 2249 846 2312 et
859 2249 1019 2314 strenuos
1035 2239 1130 2312 viros
1150 2238 1352 2312 aleviaudos
1372 2240 1446 2312 lore
1467 2262 1531 2336 pro
1551 2241 1652 2314 nobis

238 2359 451 2432 tamvilibus
468 2369 503 2430 et
516 2359 716 2454 perpaucis,
734 2379 807 2430 non
824 2369 969 2454 pensato
985 2357 1180 2452 quodnuus
1192 2358 1239 2429 ed
1251 2357 1347 2431 mille
1364 2379 1435 2430 non
1450 2359 1575 2432 sufficit
1586 2381 1652 2432 nec

238 2483 383 2556 lormice
406 2481 542 2575 magnis
563 2480 806 2578 elephantibus
831 2492 1088 2578 comparantur.
1107 2481 1232 2574 Sioque
1257 2482 1487 2576 quorumdam
1510 2503 1652 2556 suorum

238 2605 441 2680 carnificum
470 2627 535 2678 nos
556 2606 594 2677 in
615 2605 775 2678 manibus
799 2605 942 2678 tradidit
960 2605 1177 2698 affligendos,
1197 2603 1258 2699 qui
1278 2604 1356 2676 cibo
1377 2605 1479 2678 nobis
1497 2616 1652 2702 potuque

237 2729 422 2826 prohibitis
445 2729 649 2822 cunctisque
675 2729 880 2802 necessariis
902 2729 1113 2818 interdictis,
1140 2739 1215 2800 tum
1236 2728 1389 2800 tenebris
1415 2737 1451 2800 et
1470 2731 1648 2822 clausura,

238 2863 314 2926 turn
331 2854 423 2926 lame
437 2873 480 2926 ac
495 2853 599 2926 etiarn
615 2851 683 2925 siti.
715 2905 725 2926 .
747 2899 766 2924 ι.
798 2905 807 2924 .
838 2905 848 2924 .
879 2905 888 2924 .
916 2852 963 2925 ita
979 2873 1044 2924 nos
1062 2850 1250 2924 crudeliter
1264 2851 1455 2924 affecerunt
1471 2852 1569 2947 quod
1586 2873 1652 2926 ex·

238 2977 357 3049 tinctis
373 2997 420 3048 ex
436 2986 509 3050 toto
521 2976 803 3072 quamplurimis,
817 2975 976 3050 viventes
992 2997 1112 3050 sumus
1130 2997 1202 3049 non
1219 2975 1394 3048 modicum
1410 2997 1432 3049 a
1449 2976 1567 3049 formis
1585 2975 1651 3050 ho·

238 3099 375 3172 minum
390 3099 573 3172 deformati
577 3151 1074 3172 .............
1095 3098 1381 3194 Redemptiouem
1400 3099 1524 3172 mittite
1541 3101 1651 3174 servis

237 3223 386 3316 vestris;
402 3223 553 3313 reddite,
568 3221 704 3295 reddite
718 3244 782 3318 pro
796 3220 958 3296 fidelibus
971 3219 1130 3295 infideles
1145 3223 1338 3296 secundum
1354 3222 1516 3296 eumdem
1530 3245 1652 3298 nume-

238 3367 319 3418 rum
338 3354 374 3418 et
390 3346 659 3440 equivalentiam
675 3367 914 3440 personarum.
933 3346 1101 3418 Solebant
1120 3346 1213 3418 enim
1231 3346 1377 3418 Romani
1393 3347 1560 3439 maj0res,
1580 3356 1647 3420 etc.

288 3471 328 3541 lu
344 3470 508 3542 eumdem
523 3491 679 3561 sensum,
689 3469 770 3542 licet
785 3470 851 3542 sub
867 3470 1012 3543 diversis
1026 3469 1156 3562 verbis,
1169 3469 1271 3542 adest
1283 3471 1393 3542 altera
1409 3469 1454 3542 de
1473 3492 1511 3542 re
1527 3471 1651 3544 eadem

238 3593 458 3689 captivorum
477 3594 713 3666 Parmensium
735 3595 781 3668 ad
803 3594 1047 3690 imperatorem
1074 3594 1219 3689 epistola
1241 3594 1277 3664 iu
1300 3593 1430 3666 eisdem
1453 3594 1647 3686 codicibus,

239 3717 467 3813 Leipzicensi,
489 3719 549 3790 tol.
570 3720 617 3791 60
634 3715 714 3816 (69)
731 3727 844 3810 recto,
860 3718 1086 3810 Berolinensi,
1104 3718 1166 3790 fol.
1186 3713 1231 3792 lt
1245 3728 1353 3791 recto.

938 4017 970 4088 Il

318 4217 441 4294 (lnedlt.
456 4234 495 4278 ex
512 4219 662 4280 codlclbun
675 4219 877 4296 praelaudutls
897 4221 1038 4299 Letpzlo,
1056 4231 1090 4282 n·
1112 4229 1199 4296 tate,
1215 4221 1298 4283 tole
1314 4219 1378 4300 (ta)
1392 4227 1487 4294 recto,
1505 4226 1536 4280 et
1555 4220 1647 4282 Bero-

358 4323 426 4396 lln.‚
444 4339 479 4388 n⁰
492 4335 560 4400 108,
572 4328 624 4390 iol.
635 4337 674 4389 48
690 4337 781 4408 recto,
790 4346 859 4391 cnm
874 4328 931 4390 huc
942 4327 1070 4388 rubrlce:
1082 4323 1201 4388 Illorum
1206 4343 1307 4407 precer
1316 4345 1337 4388 o
1349 4325 1463 4388 domino
1476 4327 1648 4408 imperatore

358 4437 479 4496 minime
491 4435 691 4498 admittuntur
703 4437 755 4517 qui
767 4440 936 4496 cacoutrum
948 4431 987 4495 ab
1000 4431 1095 4494 eodem
1106 4431 1220 4494 domiuo
1228 4434 1553 4514 imperotorepetierunt
1565 4434 1648 4494 Par·

357 4545 500 4604 mensium
513 4542 714 4624 captiuorum.)

280 4723 324 4807 (a)
343 4727 482 4790 Forsitan
495 4727 622 4791 mle
636 4729 757 4792 Latia.
783 4779 785 4786 .

318 4831 369 4896 Vh
392 4853 480 4900 nnn.
