<?xml version="1.0" encoding="UTF-8"?>
<!DOCTYPE html PUBLIC "-//W3C//DTD XHTML 1.0 Transitional//EN"
    "http://www.w3.org/TR/xhtml1/DTD/xhtml1-transitional.dtd">
<html xmlns="http://www.w3.org/1999/xhtml" xml:lang="en" lang="en">
 <head>
  <title>
</title>
<meta http-equiv="Content-Type" content="text/html;charset=utf-8" />
  <meta name='ocr-system' content='tesseract 3.04.00' />
  <meta name='ocr-capabilities' content='ocr_page ocr_carea ocr_par ocr_line ocrx_word'/>
</head>
<body>
  <div class='ocr_page' id='page_1' title='image "./historiadiploma00fredgoog/historiadiploma00fredgoog_0085.png"; bbox 0 0 4352 5940; ppageno 0'>
   <div class='ocr_carea' id='block_1_1' title="bbox 543 641 1947 724">
    <p class='ocr_par' dir='ltr' id='par_1_1' title="bbox 543 641 1947 724">
     <span class='ocr_line' id='line_1_1' title="bbox 543 641 1947 724; baseline 0.005 -22"><span class='ocrx_word' id='word_1_1' title='bbox 543 641 605 702; x_wconf 83' lang='lat' dir='ltr'><strong>aaa</strong></span> <span class='ocrx_word' id='word_1_2' title='bbox 1043 645 1257 707; x_wconf 80' lang='lat' dir='ltr'><strong>anrnanrcu</strong></span> <span class='ocrx_word' id='word_1_3' title='bbox 1281 644 1455 707; x_wconf 84' lang='lat' dir='ltr'><strong>sacuunr</strong></span> <span class='ocrx_word' id='word_1_4' title='bbox 1760 646 1843 724; x_wconf 67' lang='lat' dir='ltr'><strong>[aaa.</strong></span> <span class='ocrx_word' id='word_1_5' title='bbox 1861 645 1947 709; x_wconf 75' lang='lat' dir='ltr'><strong>rata.</strong></span> 
     </span>
    </p>
   </div>
   <div class='ocr_carea' id='block_1_2' title="bbox 539 773 1948 1652">
    <p class='ocr_par' dir='ltr' id='par_1_2' title="bbox 539 773 1948 1652">
     <span class='ocr_line' id='line_1_2' title="bbox 544 773 1947 886; baseline 0.006 -33"><span class='ocrx_word' id='word_1_6' title='bbox 544 773 655 856; x_wconf 86' lang='lat' dir='ltr'><strong>neubi</strong></span> <span class='ocrx_word' id='word_1_7' title='bbox 676 773 911 856; x_wconf 87' lang='lat' dir='ltr'><strong>Cassinensis</strong></span> <span class='ocrx_word' id='word_1_8' title='bbox 929 775 968 855; x_wconf 94' lang='lat' dir='ltr'><strong>in</strong></span> <span class='ocrx_word' id='word_1_9' title='bbox 987 776 1181 883; x_wconf 83' lang='lat' dir='ltr'>publicam</span> <span class='ocrx_word' id='word_1_10' title='bbox 1196 775 1361 859; x_wconf 82' lang='lat' dir='ltr'><strong>sormam</strong></span> <span class='ocrx_word' id='word_1_11' title='bbox 1381 775 1503 886; x_wconf 79' lang='lat' dir='ltr'><strong>redigi</strong></span> <span class='ocrx_word' id='word_1_12' title='bbox 1525 775 1670 858; x_wconf 84' lang='lat' dir='ltr'><strong>faciunt</strong></span> <span class='ocrx_word' id='word_1_13' title='bbox 1692 777 1837 860; x_wconf 81' lang='lat' dir='ltr'><strong>litteras</strong></span> <span class='ocrx_word' id='word_1_14' title='bbox 1856 779 1947 861; x_wconf 85' lang='lat' dir='ltr'><strong>Ste-</strong></span> 
     </span>
     <span class='ocr_line' id='line_1_3' title="bbox 543 906 1947 1020; baseline 0.004 -35"><span class='ocrx_word' id='word_1_15' title='bbox 543 906 660 1014; x_wconf 89' lang='lat' dir='ltr'><strong>phani</strong></span> <span class='ocrx_word' id='word_1_16' title='bbox 678 907 842 1015; x_wconf 91' lang='lat' dir='ltr'><strong>Jaquinti</strong></span> <span class='ocrx_word' id='word_1_17' title='bbox 862 909 910 990; x_wconf 91' lang='lat' dir='ltr'><strong>de</strong></span> <span class='ocrx_word' id='word_1_18' title='bbox 927 909 1041 1014; x_wconf 84' lang='lat' dir='ltr'><strong>baro,</strong></span> <span class='ocrx_word' id='word_1_19' title='bbox 1062 909 1236 1019; x_wconf 79' lang='lat' dir='ltr'><strong>magistri</strong></span> <span class='ocrx_word' id='word_1_20' title='bbox 1254 907 1452 990; x_wconf 90' lang='lat' dir='ltr'><strong>camerarii</strong></span> <span class='ocrx_word' id='word_1_21' title='bbox 1472 918 1593 990; x_wconf 89' lang='lat' dir='ltr'><strong>terrae</strong></span> <span class='ocrx_word' id='word_1_22' title='bbox 1610 909 1787 1018; x_wconf 86' lang='lat' dir='ltr'><strong>Ydrunti,</strong></span> <span class='ocrx_word' id='word_1_23' title='bbox 1808 910 1947 1020; x_wconf 87' lang='lat' dir='ltr'><strong>quibus</strong></span> 
     </span>
     <span class='ocr_line' id='line_1_4' title="bbox 542 1038 1948 1151; baseline 0.004 -33"><span class='ocrx_word' id='word_1_24' title='bbox 542 1038 673 1146; x_wconf 82' lang='lat' dir='ltr'><strong>uigore</strong></span> <span class='ocrx_word' id='word_1_25' title='bbox 696 1040 866 1121; x_wconf 89' lang='lat' dir='ltr'><strong>mandati</strong></span> <span class='ocrx_word' id='word_1_26' title='bbox 898 1039 1105 1148; x_wconf 88' lang='lat' dir='ltr'><strong>imperialis</strong></span> <span class='ocrx_word' id='word_1_27' title='bbox 1126 1041 1237 1150; x_wconf 86' lang='lat' dir='ltr'><strong>cujus</strong></span> <span class='ocrx_word' id='word_1_28' title='bbox 1265 1051 1373 1122; x_wconf 89' lang='lat' dir='ltr'><strong>tenor</strong></span> <span class='ocrx_word' id='word_1_29' title='bbox 1398 1039 1592 1145; x_wconf 87' lang='lat' dir='ltr'><strong>inseritur,</strong></span> <span class='ocrx_word' id='word_1_30' title='bbox 1611 1049 1649 1123; x_wconf 91' lang='lat' dir='ltr'><strong>et</strong></span> <span class='ocrx_word' id='word_1_31' title='bbox 1671 1052 1757 1150; x_wconf 91' lang='lat' dir='ltr'><strong>post</strong></span> <span class='ocrx_word' id='word_1_32' title='bbox 1782 1043 1948 1151; x_wconf 87' lang='lat' dir='ltr'><strong>inquisi-</strong></span> 
     </span>
     <span class='ocr_line' id='line_1_5' title="bbox 542 1171 1945 1282; baseline 0.003 -30"><span class='ocrx_word' id='word_1_33' title='bbox 542 1171 683 1253; x_wconf 87' lang='lat' dir='ltr'><strong>tionem</strong></span> <span class='ocrx_word' id='word_1_34' title='bbox 718 1171 878 1274; x_wconf 85' lang='lat' dir='ltr'><strong>saetam‚</strong></span> <span class='ocrx_word' id='word_1_35' title='bbox 919 1173 1078 1256; x_wconf 91' lang='lat' dir='ltr'><strong>mandat</strong></span> <span class='ocrx_word' id='word_1_36' title='bbox 1111 1173 1269 1257; x_wconf 80' lang='lat' dir='ltr'><strong>lohanni</strong></span> <span class='ocrx_word' id='word_1_37' title='bbox 1302 1171 1420 1282; x_wconf 83' lang='lat' dir='ltr'><strong>judici</strong></span> <span class='ocrx_word' id='word_1_38' title='bbox 1448 1173 1497 1254; x_wconf 93' lang='lat' dir='ltr'><strong>de</strong></span> <span class='ocrx_word' id='word_1_39' title='bbox 1535 1173 1678 1278; x_wconf 84' lang='lat' dir='ltr'><strong>Cretio,</strong></span> <span class='ocrx_word' id='word_1_40' title='bbox 1711 1176 1945 1281; x_wconf 78' lang='lat' dir='ltr'><strong>procuratori</strong></span> 
     </span>
     <span class='ocr_line' id='line_1_6' title="bbox 540 1301 1947 1414; baseline 0.002 -30"><span class='ocrx_word' id='word_1_41' title='bbox 540 1301 667 1385; x_wconf 89' lang='lat' dir='ltr'><strong>euriae</strong></span> <span class='ocrx_word' id='word_1_42' title='bbox 684 1303 723 1383; x_wconf 93' lang='lat' dir='ltr'><strong>in</strong></span> <span class='ocrx_word' id='word_1_43' title='bbox 743 1302 925 1410; x_wconf 86' lang='lat' dir='ltr'><strong>Tarento,</strong></span> <span class='ocrx_word' id='word_1_44' title='bbox 946 1315 989 1387; x_wconf 92' lang='lat' dir='ltr'><strong>ut</strong></span> <span class='ocrx_word' id='word_1_45' title='bbox 1015 1331 1037 1387; x_wconf 91' lang='lat' dir='ltr'><strong>a</strong></span> <span class='ocrx_word' id='word_1_46' title='bbox 1059 1306 1325 1413; x_wconf 85' lang='lat' dir='ltr'><strong>procuratione</strong></span> <span class='ocrx_word' id='word_1_47' title='bbox 1342 1302 1520 1386; x_wconf 89' lang='lat' dir='ltr'><strong>ecclesiae</strong></span> <span class='ocrx_word' id='word_1_48' title='bbox 1545 1303 1672 1386; x_wconf 89' lang='lat' dir='ltr'><strong>Sancti</strong></span> <span class='ocrx_word' id='word_1_49' title='bbox 1696 1305 1794 1388; x_wconf 90' lang='lat' dir='ltr'><strong>Petri</strong></span> <span class='ocrx_word' id='word_1_50' title='bbox 1821 1306 1947 1414; x_wconf 91' lang='lat' dir='ltr'><strong>impe-</strong></span> 
     </span>
     <span class='ocr_line' id='line_1_7' title="bbox 540 1435 1945 1547; baseline 0.001 -31"><span class='ocrx_word' id='word_1_51' title='bbox 540 1435 645 1516; x_wconf 88' lang='lat' dir='ltr'><strong>rialis</strong></span> <span class='ocrx_word' id='word_1_52' title='bbox 658 1437 706 1518; x_wconf 93' lang='lat' dir='ltr'><strong>de</strong></span> <span class='ocrx_word' id='word_1_53' title='bbox 716 1435 877 1518; x_wconf 82' lang='lat' dir='ltr'><strong>Tarento</strong></span> <span class='ocrx_word' id='word_1_54' title='bbox 896 1437 945 1518; x_wconf 90' lang='lat' dir='ltr'><strong>ad</strong></span> <span class='ocrx_word' id='word_1_55' title='bbox 967 1463 1138 1520; x_wconf 91' lang='lat' dir='ltr'><strong>mensam</strong></span> <span class='ocrx_word' id='word_1_56' title='bbox 1150 1435 1436 1521; x_wconf 84' lang='lat' dir='ltr'><strong>conventualem</strong></span> <span class='ocrx_word' id='word_1_57' title='bbox 1452 1435 1715 1520; x_wconf 85' lang='lat' dir='ltr'><strong>Gassinensem</strong></span> <span class='ocrx_word' id='word_1_58' title='bbox 1726 1438 1945 1547; x_wconf 87' lang='lat' dir='ltr'><strong>pertinentis</strong></span> 
     </span>
     <span class='ocr_line' id='line_1_8' title="bbox 539 1568 948 1652; baseline 0 -1"><span class='ocrx_word' id='word_1_59' title='bbox 539 1569 587 1652; x_wconf 91' lang='lat' dir='ltr'><strong>de</strong></span> <span class='ocrx_word' id='word_1_60' title='bbox 610 1579 757 1650; x_wconf 91' lang='lat' dir='ltr'><strong>caetero</strong></span> <span class='ocrx_word' id='word_1_61' title='bbox 779 1568 948 1651; x_wconf 89' lang='lat' dir='ltr'><strong>desistat.</strong></span> 
     </span>
    </p>
   </div>
   <div class='ocr_carea' id='block_1_3' title="bbox 621 1709 1942 1840">
    <p class='ocr_par' dir='ltr' id='par_1_3' title="bbox 621 1709 1942 1840">
     <span class='ocr_line' id='line_1_9' title="bbox 621 1709 1942 1840; baseline 0.002 -25"><span class='ocrx_word' id='word_1_62' title='bbox 621 1755 744 1834; x_wconf 81' lang='lat' dir='ltr'><strong>(laedit.</strong></span> <span class='ocrx_word' id='word_1_63' title='bbox 758 1775 796 1817; x_wconf 79' lang='lat' dir='ltr'><strong>ex</strong></span> <span class='ocrx_word' id='word_1_64' title='bbox 810 1758 931 1820; x_wconf 84' lang='lat' dir='ltr'><strong>archivo</strong></span> <span class='ocrx_word' id='word_1_65' title='bbox 945 1763 1075 1818; x_wconf 87' lang='lat' dir='ltr'><strong>monast.</strong></span> <span class='ocrx_word' id='word_1_66' title='bbox 1091 1757 1220 1834; x_wconf 77' lang='lat' dir='ltr'><strong>cassim,</strong></span> <span class='ocrx_word' id='word_1_67' title='bbox 1243 1755 1314 1818; x_wconf 84' lang='lat' dir='ltr'><strong>Ged.</strong></span> <span class='ocrx_word' id='word_1_68' title='bbox 1327 1753 1461 1836; x_wconf 72' lang='lat' dir='ltr'><strong>diplom,</strong></span> <span class='ocrx_word' id='word_1_69' title='bbox 1477 1765 1501 1818; x_wconf 90' lang='lat' dir='ltr'><strong>t.</strong></span> <span class='ocrx_word' id='word_1_70' title='bbox 1518 1757 1557 1834; x_wconf 88' lang='lat' dir='ltr'><strong>V,</strong></span> <span class='ocrx_word' id='word_1_71' title='bbox 1572 1757 1666 1818; x_wconf 83' lang='lat' dir='ltr'><strong>chart.</strong></span> <span class='ocrx_word' id='word_1_72' title='bbox 1676 1709 1713 1840; x_wconf 74' lang='grc' dir='ltr'><strong>Ι8.</strong></span> <span class='ocrx_word' id='word_1_73' title='bbox 1729 1757 1809 1818; x_wconf 85' lang='lat' dir='ltr'><strong>Patr.</strong></span> <span class='ocrx_word' id='word_1_74' title='bbox 1823 1760 1942 1836; x_wconf 52' lang='lat' dir='ltr'><strong>tmpore</strong></span> 
     </span>
    </p>
   </div>
   <div class='ocr_carea' id='block_1_4' title="bbox 657 1861 1946 2048">
    <p class='ocr_par' dir='ltr' id='par_1_4' title="bbox 657 1861 1946 2048">
     <span class='ocr_line' id='line_1_10' title="bbox 657 1861 1946 1942; baseline 0.001 -18"><span class='ocrx_word' id='word_1_75' title='bbox 657 1881 835 1942; x_wconf 85' lang='lat' dir='ltr'><strong>pergamena</strong></span> <span class='ocrx_word' id='word_1_76' title='bbox 848 1881 916 1924; x_wconf 84' lang='lat' dir='ltr'><strong>vero</strong></span> <span class='ocrx_word' id='word_1_77' title='bbox 928 1881 1032 1942; x_wconf 86' lang='lat' dir='ltr'><strong>parum</strong></span> <span class='ocrx_word' id='word_1_78' title='bbox 1046 1871 1175 1924; x_wconf 81' lang='lat' dir='ltr'><strong>mrreute</strong></span> <span class='ocrx_word' id='word_1_79' title='bbox 1187 1867 1362 1942; x_wconf 72' lang='lat' dir='ltr'><strong>manscripta</strong></span> <span class='ocrx_word' id='word_1_80' title='bbox 1373 1864 1490 1924; x_wconf 79' lang='lat' dir='ltr'><strong>uidetur</strong></span> <span class='ocrx_word' id='word_1_81' title='bbox 1502 1870 1532 1924; x_wconf 86' lang='lat' dir='ltr'><strong>et</strong></span> <span class='ocrx_word' id='word_1_82' title='bbox 1545 1865 1576 1924; x_wconf 85' lang='lat' dir='ltr'><strong>iu</strong></span> <span class='ocrx_word' id='word_1_83' title='bbox 1589 1861 1767 1942; x_wconf 84' lang='lat' dir='ltr'><strong>qulbusdam</strong></span> <span class='ocrx_word' id='word_1_84' title='bbox 1780 1863 1852 1924; x_wconf 87' lang='lat' dir='ltr'><strong>locis</strong></span> <span class='ocrx_word' id='word_1_85' title='bbox 1863 1881 1946 1924; x_wconf 77' lang='lat' dir='ltr'><strong>arose</strong></span> 
     </span>
     <span class='ocr_line' id='line_1_11' title="bbox 657 1967 726 2048; baseline 0 -21"><span class='ocrx_word' id='word_1_86' title='bbox 657 1967 726 2048; x_wconf 84' lang='lat' dir='ltr'><strong>est.)</strong></span> 
     </span>
    </p>
   </div>
   <div class='ocr_carea' id='block_1_5' title="bbox 523 2128 1942 4822">
    <p class='ocr_par' dir='ltr' id='par_1_5' title="bbox 534 2128 1942 2963">
     <span class='ocr_line' id='line_1_12' title="bbox 583 2128 1942 2224; baseline 0.001 -26"><span class='ocrx_word' id='word_1_87' title='bbox 583 2129 645 2200; x_wconf 72' lang='lat' dir='ltr'><strong>llic</strong></span> <span class='ocrx_word' id='word_1_88' title='bbox 663 2129 837 2201; x_wconf 84' lang='lat' dir='ltr'><strong>dominico</strong></span> <span class='ocrx_word' id='word_1_89' title='bbox 854 2131 1044 2224; x_wconf 89' lang='lat' dir='ltr'><strong>penultimo</strong></span> <span class='ocrx_word' id='word_1_90' title='bbox 1059 2131 1187 2202; x_wconf 87' lang='lat' dir='ltr'><strong>mensis</strong></span> <span class='ocrx_word' id='word_1_91' title='bbox 1202 2129 1352 2223; x_wconf 78' lang='lat' dir='ltr'><strong>augusti,</strong></span> <span class='ocrx_word' id='word_1_92' title='bbox 1373 2141 1471 2201; x_wconf 82' lang='lat' dir='ltr'><strong>sexte</strong></span> <span class='ocrx_word' id='word_1_93' title='bbox 1490 2128 1699 2218; x_wconf 87' lang='lat' dir='ltr'><strong>indictionis,</strong></span> <span class='ocrx_word' id='word_1_94' title='bbox 1719 2149 1784 2200; x_wconf 92' lang='lat' dir='ltr'><strong>nos</strong></span> <span class='ocrx_word' id='word_1_95' title='bbox 1799 2129 1942 2202; x_wconf 88' lang='lat' dir='ltr'><strong>Guillel-</strong></span> 
     </span>
     <span class='ocr_line' id='line_1_13' title="bbox 535 2251 1941 2348; baseline 0.002 -26"><span class='ocrx_word' id='word_1_96' title='bbox 535 2273 613 2322; x_wconf 91' lang='lat' dir='ltr'><strong>mus</strong></span> <span class='ocrx_word' id='word_1_97' title='bbox 629 2251 673 2324; x_wconf 92' lang='lat' dir='ltr'><strong>de</strong></span> <span class='ocrx_word' id='word_1_98' title='bbox 693 2253 819 2325; x_wconf 89' lang='lat' dir='ltr'><strong>Parisio</strong></span> <span class='ocrx_word' id='word_1_99' title='bbox 836 2263 871 2324; x_wconf 91' lang='lat' dir='ltr'><strong>et</strong></span> <span class='ocrx_word' id='word_1_100' title='bbox 888 2253 1146 2326; x_wconf 87' lang='lat' dir='ltr'><strong>Bartholomeus</strong></span> <span class='ocrx_word' id='word_1_101' title='bbox 1160 2253 1204 2326; x_wconf 93' lang='lat' dir='ltr'><strong>de</strong></span> <span class='ocrx_word' id='word_1_102' title='bbox 1219 2254 1405 2346; x_wconf 78' lang='lat' dir='ltr'><strong>Turgusio‚</strong></span> <span class='ocrx_word' id='word_1_103' title='bbox 1416 2253 1613 2348; x_wconf 88' lang='lat' dir='ltr'><strong>imperiales</strong></span> <span class='ocrx_word' id='word_1_104' title='bbox 1627 2253 1764 2346; x_wconf 87' lang='lat' dir='ltr'><strong>judices</strong></span> <span class='ocrx_word' id='word_1_105' title='bbox 1784 2265 1941 2325; x_wconf 87' lang='lat' dir='ltr'><strong>contrac-</strong></span> 
     </span>
     <span class='ocr_line' id='line_1_14' title="bbox 535 2377 1940 2473; baseline 0.003 -29"><span class='ocrx_word' id='word_1_106' title='bbox 535 2383 633 2447; x_wconf 86' lang='lat' dir='ltr'><strong>tuum</strong></span> <span class='ocrx_word' id='word_1_107' title='bbox 648 2377 683 2447; x_wconf 91' lang='lat' dir='ltr'><strong>in</strong></span> <span class='ocrx_word' id='word_1_108' title='bbox 697 2377 856 2467; x_wconf 84' lang='lat' dir='ltr'><strong>Tarento,</strong></span> <span class='ocrx_word' id='word_1_109' title='bbox 873 2378 1023 2470; x_wconf 88' lang='lat' dir='ltr'><strong>presenti</strong></span> <span class='ocrx_word' id='word_1_110' title='bbox 1037 2379 1165 2473; x_wconf 91' lang='lat' dir='ltr'><strong>scripto</strong></span> <span class='ocrx_word' id='word_1_111' title='bbox 1179 2379 1327 2449; x_wconf 85' lang='lat' dir='ltr'><strong>letamur</strong></span> <span class='ocrx_word' id='word_1_112' title='bbox 1336 2378 1432 2470; x_wconf 91' lang='lat' dir='ltr'><strong>quod</strong></span> <span class='ocrx_word' id='word_1_113' title='bbox 1441 2379 1547 2448; x_wconf 85' lang='lat' dir='ltr'><strong>frater</strong></span> <span class='ocrx_word' id='word_1_114' title='bbox 1554 2377 1739 2470; x_wconf 79' lang='lat' dir='ltr'><strong>Gregorius</strong></span> <span class='ocrx_word' id='word_1_115' title='bbox 1749 2377 1940 2449; x_wconf 78' lang='lat' dir='ltr'><strong>casinensis</strong></span> 
     </span>
     <span class='ocr_line' id='line_1_15' title="bbox 534 2498 1941 2595; baseline 0.003 -27"><span class='ocrx_word' id='word_1_116' title='bbox 534 2498 723 2570; x_wconf 89' lang='lat' dir='ltr'><strong>monachus</strong></span> <span class='ocrx_word' id='word_1_117' title='bbox 739 2509 774 2571; x_wconf 92' lang='lat' dir='ltr'><strong>et</strong></span> <span class='ocrx_word' id='word_1_118' title='bbox 787 2501 881 2595; x_wconf 92' lang='lat' dir='ltr'><strong>prior</strong></span> <span class='ocrx_word' id='word_1_119' title='bbox 896 2501 1040 2572; x_wconf 87' lang='lat' dir='ltr'><strong>ecclesie</strong></span> <span class='ocrx_word' id='word_1_120' title='bbox 1057 2503 1172 2572; x_wconf 83' lang='lat' dir='ltr'><strong>Sancti</strong></span> <span class='ocrx_word' id='word_1_121' title='bbox 1189 2502 1278 2572; x_wconf 89' lang='lat' dir='ltr'><strong>Petri</strong></span> <span class='ocrx_word' id='word_1_122' title='bbox 1297 2500 1342 2572; x_wconf 91' lang='lat' dir='ltr'><strong>da</strong></span> <span class='ocrx_word' id='word_1_123' title='bbox 1358 2502 1506 2572; x_wconf 87' lang='lat' dir='ltr'><strong>Tarento</strong></span> <span class='ocrx_word' id='word_1_124' title='bbox 1521 2501 1673 2572; x_wconf 87' lang='lat' dir='ltr'><strong>ostendit</strong></span> <span class='ocrx_word' id='word_1_125' title='bbox 1693 2500 1794 2572; x_wconf 90' lang='lat' dir='ltr'><strong>nobis</strong></span> <span class='ocrx_word' id='word_1_126' title='bbox 1811 2501 1941 2572; x_wconf 88' lang='lat' dir='ltr'><strong>litteras</strong></span> 
     </span>
     <span class='ocr_line' id='line_1_16' title="bbox 534 2623 1939 2719; baseline 0.001 -25"><span class='ocrx_word' id='word_1_127' title='bbox 534 2623 652 2694; x_wconf 92' lang='lat' dir='ltr'><strong>domni</strong></span> <span class='ocrx_word' id='word_1_128' title='bbox 680 2624 846 2718; x_wconf 88' lang='lat' dir='ltr'><strong>Stephani</strong></span> <span class='ocrx_word' id='word_1_129' title='bbox 872 2624 1023 2717; x_wconf 84' lang='lat' dir='ltr'><strong>lequinti</strong></span> <span class='ocrx_word' id='word_1_130' title='bbox 1048 2624 1093 2695; x_wconf 89' lang='lat' dir='ltr'><strong>de</strong></span> <span class='ocrx_word' id='word_1_131' title='bbox 1122 2625 1211 2696; x_wconf 88' lang='lat' dir='ltr'><strong>Baro</strong></span> <span class='ocrx_word' id='word_1_132' title='bbox 1241 2624 1430 2719; x_wconf 90' lang='lat' dir='ltr'><strong>imperialis</strong></span> <span class='ocrx_word' id='word_1_133' title='bbox 1461 2624 1616 2714; x_wconf 78' lang='lat' dir='ltr'><strong>magistri</strong></span> <span class='ocrx_word' id='word_1_134' title='bbox 1645 2624 1824 2696; x_wconf 87' lang='lat' dir='ltr'><strong>camerarii</strong></span> <span class='ocrx_word' id='word_1_135' title='bbox 1849 2635 1939 2696; x_wconf 88' lang='lat' dir='ltr'><strong>terre</strong></span> 
     </span>
     <span class='ocr_line' id='line_1_17' title="bbox 535 2747 1940 2848; baseline -0.001 -29"><span class='ocrx_word' id='word_1_136' title='bbox 535 2748 703 2835; x_wconf 86' lang='lat' dir='ltr'><strong>Ydrunti,</strong></span> <span class='ocrx_word' id='word_1_137' title='bbox 736 2747 950 2819; x_wconf 88' lang='lat' dir='ltr'><strong>transmissas</strong></span> <span class='ocrx_word' id='word_1_138' title='bbox 968 2747 1077 2839; x_wconf 90' lang='lat' dir='ltr'><strong>judici</strong></span> <span class='ocrx_word' id='word_1_139' title='bbox 1098 2747 1247 2820; x_wconf 76' lang='lat' dir='ltr'><strong>Iohanni</strong></span> <span class='ocrx_word' id='word_1_140' title='bbox 1269 2748 1313 2818; x_wconf 93' lang='lat' dir='ltr'><strong>de</strong></span> <span class='ocrx_word' id='word_1_141' title='bbox 1333 2748 1451 2848; x_wconf 84' lang='lat' dir='ltr'><strong>judice</strong></span> <span class='ocrx_word' id='word_1_142' title='bbox 1474 2747 1564 2820; x_wconf 89' lang='lat' dir='ltr'><strong>Creti</strong></span> <span class='ocrx_word' id='word_1_143' title='bbox 1587 2747 1801 2842; x_wconf 89' lang='lat' dir='ltr'><strong>procuratori</strong></span> <span class='ocrx_word' id='word_1_144' title='bbox 1824 2769 1940 2820; x_wconf 88' lang='lat' dir='ltr'><strong>rerum</strong></span> 
     </span>
     <span class='ocr_line' id='line_1_18' title="bbox 535 2871 1450 2963; baseline -0.005 -20"><span class='ocrx_word' id='word_1_145' title='bbox 535 2871 631 2943; x_wconf 90' lang='lat' dir='ltr'><strong>eurie</strong></span> <span class='ocrx_word' id='word_1_146' title='bbox 644 2871 680 2941; x_wconf 93' lang='lat' dir='ltr'><strong>in</strong></span> <span class='ocrx_word' id='word_1_147' title='bbox 694 2873 861 2960; x_wconf 79' lang='lat' dir='ltr'><strong>Terent03</strong></span> <span class='ocrx_word' id='word_1_148' title='bbox 877 2893 1024 2963; x_wconf 91' lang='lat' dir='ltr'><strong>quarum</strong></span> <span class='ocrx_word' id='word_1_149' title='bbox 1044 2871 1258 2943; x_wconf 88' lang='lat' dir='ltr'><strong>continentie</strong></span> <span class='ocrx_word' id='word_1_150' title='bbox 1275 2871 1353 2943; x_wconf 89' lang='lat' dir='ltr'><strong>talis</strong></span> <span class='ocrx_word' id='word_1_151' title='bbox 1367 2881 1421 2942; x_wconf 89' lang='lat' dir='ltr'><strong>ast</strong></span> <span class='ocrx_word' id='word_1_152' title='bbox 1441 2894 1450 2938; x_wconf 75' lang='grc' dir='ltr'><strong>ε</strong></span> 
     </span>
    </p>

    <p class='ocr_par' dir='ltr' id='par_1_6' title="bbox 523 2993 1939 4822">
     <span class='ocr_line' id='line_1_19' title="bbox 583 2993 1939 3088; baseline 0.001 -23"><span class='ocrx_word' id='word_1_153' title='bbox 583 2994 747 3066; x_wconf 88' lang='lat' dir='ltr'><strong>Prudenti</strong></span> <span class='ocrx_word' id='word_1_154' title='bbox 771 2995 846 3066; x_wconf 89' lang='lat' dir='ltr'><strong>viro</strong></span> <span class='ocrx_word' id='word_1_155' title='bbox 872 2994 1019 3065; x_wconf 84' lang='lat' dir='ltr'><strong>Iohanni</strong></span> <span class='ocrx_word' id='word_1_156' title='bbox 1036 2994 1146 3086; x_wconf 84' lang='lat' dir='ltr'><strong>judici</strong></span> <span class='ocrx_word' id='word_1_157' title='bbox 1170 2994 1214 3066; x_wconf 95' lang='lat' dir='ltr'><strong>de</strong></span> <span class='ocrx_word' id='word_1_158' title='bbox 1234 2995 1346 3068; x_wconf 89' lang='lat' dir='ltr'><strong>Cretio</strong></span> <span class='ocrx_word' id='word_1_159' title='bbox 1372 2994 1587 3088; x_wconf 85' lang='lat' dir='ltr'><strong>procuratori</strong></span> <span class='ocrx_word' id='word_1_160' title='bbox 1609 2994 1703 3065; x_wconf 88' lang='lat' dir='ltr'><strong>curie</strong></span> <span class='ocrx_word' id='word_1_161' title='bbox 1725 2993 1770 3066; x_wconf 93' lang='lat' dir='ltr'><strong>de</strong></span> <span class='ocrx_word' id='word_1_162' title='bbox 1790 2994 1939 3066; x_wconf 88' lang='lat' dir='ltr'><strong>Tarento</strong></span> 
     </span>
     <span class='ocr_line' id='line_1_20' title="bbox 532 3117 1939 3215; baseline -0.001 -25"><span class='ocrx_word' id='word_1_163' title='bbox 532 3119 735 3208; x_wconf 87' lang='lat' dir='ltr'><strong>amicosne,</strong></span> <span class='ocrx_word' id='word_1_164' title='bbox 752 3119 944 3212; x_wconf 86' lang='lat' dir='ltr'><strong>Stephicius</strong></span> <span class='ocrx_word' id='word_1_165' title='bbox 959 3117 1034 3215; x_wconf 83' lang='lat' dir='ltr'><strong>(aia)</strong></span> <span class='ocrx_word' id='word_1_166' title='bbox 1050 3119 1214 3212; x_wconf 84' lang='lat' dir='ltr'><strong>laquintii</strong></span> <span class='ocrx_word' id='word_1_167' title='bbox 1239 3120 1284 3190; x_wconf 90' lang='lat' dir='ltr'><strong>de</strong></span> <span class='ocrx_word' id='word_1_168' title='bbox 1306 3121 1414 3209; x_wconf 86' lang='lat' dir='ltr'><strong>Baro,</strong></span> <span class='ocrx_word' id='word_1_169' title='bbox 1433 3119 1597 3211; x_wconf 78' lang='lat' dir='ltr'><strong>magister</strong></span> <span class='ocrx_word' id='word_1_170' title='bbox 1616 3119 1827 3192; x_wconf 87' lang='lat' dir='ltr'><strong>camerarius</strong></span> <span class='ocrx_word' id='word_1_171' title='bbox 1849 3129 1939 3190; x_wconf 88' lang='lat' dir='ltr'><strong>terre</strong></span> 
     </span>
     <span class='ocr_line' id='line_1_21' title="bbox 533 3242 1939 3337; baseline -0.003 -21"><span class='ocrx_word' id='word_1_172' title='bbox 533 3243 696 3333; x_wconf 85' lang='lat' dir='ltr'><strong>Ydrunti,</strong></span> <span class='ocrx_word' id='word_1_173' title='bbox 706 3243 853 3313; x_wconf 89' lang='lat' dir='ltr'><strong>salutem</strong></span> <span class='ocrx_word' id='word_1_174' title='bbox 867 3253 903 3314; x_wconf 90' lang='lat' dir='ltr'><strong>at</strong></span> <span class='ocrx_word' id='word_1_175' title='bbox 917 3263 1071 3314; x_wconf 90' lang='lat' dir='ltr'><strong>amoram</strong></span> <span class='ocrx_word' id='word_1_176' title='bbox 1086 3243 1272 3314; x_wconf 87' lang='lat' dir='ltr'><strong>sincerum.</strong></span> <span class='ocrx_word' id='word_1_177' title='bbox 1286 3243 1489 3336; x_wconf 84' lang='lat' dir='ltr'><strong>Recepimus</strong></span> <span class='ocrx_word' id='word_1_178' title='bbox 1506 3261 1621 3314; x_wconf 89' lang='lat' dir='ltr'><strong>sacras</strong></span> <span class='ocrx_word' id='word_1_179' title='bbox 1637 3242 1832 3337; x_wconf 89' lang='lat' dir='ltr'><strong>imperiales</strong></span> <span class='ocrx_word' id='word_1_180' title='bbox 1847 3242 1939 3313; x_wconf 88' lang='lat' dir='ltr'><strong>litte·</strong></span> 
     </span>
     <span class='ocr_line' id='line_1_22' title="bbox 532 3365 1937 3456; baseline -0.001 -19"><span class='ocrx_word' id='word_1_181' title='bbox 532 3387 589 3437; x_wconf 89' lang='lat' dir='ltr'><strong>ras</strong></span> <span class='ocrx_word' id='word_1_182' title='bbox 603 3366 639 3436; x_wconf 90' lang='lat' dir='ltr'><strong>in</strong></span> <span class='ocrx_word' id='word_1_183' title='bbox 652 3365 745 3436; x_wconf 90' lang='lat' dir='ltr'><strong>hunc</strong></span> <span class='ocrx_word' id='word_1_184' title='bbox 758 3365 902 3437; x_wconf 91' lang='lat' dir='ltr'><strong>modum</strong></span> <span class='ocrx_word' id='word_1_185' title='bbox 921 3389 995 3434; x_wconf 80' lang='lat'><strong>:—</strong></span> <span class='ocrx_word' id='word_1_186' title='bbox 1012 3365 1222 3456; x_wconf 84' lang='lat' dir='ltr'><strong>Friderious,</strong></span> <span class='ocrx_word' id='word_1_187' title='bbox 1240 3366 1448 3456; x_wconf 80' lang='lat' dir='ltr'><strong>belgrado,</strong></span> <span class='ocrx_word' id='word_1_188' title='bbox 1469 3375 1554 3455; x_wconf 80' lang='lat' dir='ltr'><strong>eto,</strong></span> <span class='ocrx_word' id='word_1_189' title='bbox 1569 3365 1732 3456; x_wconf 79' lang='lat' dir='ltr'><strong>magistro</strong></span> <span class='ocrx_word' id='word_1_190' title='bbox 1748 3366 1937 3438; x_wconf 88' lang='lat' dir='ltr'><strong>camerario</strong></span> 
     </span>
     <span class='ocr_line' id='line_1_23' title="bbox 532 3488 1935 3575; baseline -0.002 -14"><span class='ocrx_word' id='word_1_191' title='bbox 532 3500 623 3561; x_wconf 90' lang='lat' dir='ltr'><strong>terre</strong></span> <span class='ocrx_word' id='word_1_192' title='bbox 636 3489 799 3575; x_wconf 87' lang='lat' dir='ltr'><strong>Ydrunti‚</strong></span> <span class='ocrx_word' id='word_1_193' title='bbox 811 3499 878 3560; x_wconf 90' lang='lat' dir='ltr'><strong>etc.</strong></span> <span class='ocrx_word' id='word_1_194' title='bbox 897 3489 1111 3562; x_wconf 87' lang='lat' dir='ltr'><strong>Venerabilis</strong></span> <span class='ocrx_word' id='word_1_195' title='bbox 1122 3498 1314 3561; x_wconf 88' lang='lat' dir='ltr'><strong>convontus</strong></span> <span class='ocrx_word' id='word_1_196' title='bbox 1326 3489 1524 3560; x_wconf 87' lang='lat' dir='ltr'><strong>monasterii</strong></span> <span class='ocrx_word' id='word_1_197' title='bbox 1536 3488 1728 3561; x_wconf 70' lang='lat' dir='ltr'><strong>murensis</strong></span> <span class='ocrx_word' id='word_1_198' title='bbox 1739 3499 1935 3562; x_wconf 87' lang='lat' dir='ltr'><strong>nostrorum</strong></span> 
     </span>
     <span class='ocr_line' id='line_1_24' title="bbox 530 3610 1938 3708; baseline -0.001 -25"><span class='ocrx_word' id='word_1_199' title='bbox 530 3610 685 3686; x_wconf 86' lang='lat' dir='ltr'><strong>fidelium</strong></span> <span class='ocrx_word' id='word_1_200' title='bbox 703 3613 900 3685; x_wconf 89' lang='lat' dir='ltr'><strong>transmissa</strong></span> <span class='ocrx_word' id='word_1_201' title='bbox 916 3613 1058 3685; x_wconf 87' lang='lat' dir='ltr'><strong>culmini</strong></span> <span class='ocrx_word' id='word_1_202' title='bbox 1073 3623 1192 3686; x_wconf 88' lang='lat' dir='ltr'><strong>nostro</strong></span> <span class='ocrx_word' id='word_1_203' title='bbox 1208 3613 1327 3708; x_wconf 90' lang='lat' dir='ltr'><strong>petitio</strong></span> <span class='ocrx_word' id='word_1_204' title='bbox 1343 3613 1545 3685; x_wconf 90' lang='lat' dir='ltr'><strong>continebat</strong></span> <span class='ocrx_word' id='word_1_205' title='bbox 1559 3612 1655 3705; x_wconf 91' lang='lat' dir='ltr'><strong>quod</strong></span> <span class='ocrx_word' id='word_1_206' title='bbox 1671 3633 1751 3684; x_wconf 90' lang='lat' dir='ltr'><strong>cum</strong></span> <span class='ocrx_word' id='word_1_207' title='bbox 1767 3613 1834 3708; x_wconf 92' lang='lat' dir='ltr'><strong>ipsi</strong></span> <span class='ocrx_word' id='word_1_208' title='bbox 1849 3633 1938 3684; x_wconf 88' lang='lat' dir='ltr'><strong>sem·</strong></span> 
     </span>
     <span class='ocr_line' id='line_1_25' title="bbox 531 3735 1936 3831; baseline -0.001 -23"><span class='ocrx_word' id='word_1_209' title='bbox 531 3757 593 3831; x_wconf 91' lang='lat' dir='ltr'><strong>per</strong></span> <span class='ocrx_word' id='word_1_210' title='bbox 610 3737 795 3808; x_wconf 90' lang='lat' dir='ltr'><strong>habuerint</strong></span> <span class='ocrx_word' id='word_1_211' title='bbox 810 3749 846 3810; x_wconf 90' lang='lat' dir='ltr'><strong>at</strong></span> <span class='ocrx_word' id='word_1_212' title='bbox 863 3738 992 3810; x_wconf 85' lang='lat' dir='ltr'><strong>habere</strong></span> <span class='ocrx_word' id='word_1_213' title='bbox 1005 3738 1250 3809; x_wconf 91' lang='lat' dir='ltr'><strong>consueverint</strong></span> <span class='ocrx_word' id='word_1_214' title='bbox 1264 3759 1310 3808; x_wconf 81' lang='lat' dir='ltr'><strong>ax</strong></span> <span class='ocrx_word' id='word_1_215' title='bbox 1323 3737 1468 3829; x_wconf 90' lang='lat' dir='ltr'><strong>antiquo</strong></span> <span class='ocrx_word' id='word_1_216' title='bbox 1483 3735 1654 3829; x_wconf 80' lang='lat' dir='ltr'><strong>qtrasdam</strong></span> <span class='ocrx_word' id='word_1_217' title='bbox 1671 3736 1885 3808; x_wconf 89' lang='lat' dir='ltr'><strong>obedientias</strong></span> <span class='ocrx_word' id='word_1_218' title='bbox 1902 3748 1936 3806; x_wconf 88' lang='lat' dir='ltr'><strong>et</strong></span> 
     </span>
     <span class='ocr_line' id='line_1_26' title="bbox 530 3847 1935 3954; baseline -0.004 -21"><span class='ocrx_word' id='word_1_219' title='bbox 530 3861 652 3933; x_wconf 92' lang='lat' dir='ltr'><strong>domus</strong></span> <span class='ocrx_word' id='word_1_220' title='bbox 667 3847 728 3954; x_wconf 78' lang='lat' dir='ltr'><strong>pio</strong></span> <span class='ocrx_word' id='word_1_221' title='bbox 746 3862 950 3932; x_wconf 88' lang='lat' dir='ltr'><strong>utilitatibus</strong></span> <span class='ocrx_word' id='word_1_222' title='bbox 966 3871 1158 3932; x_wconf 87' lang='lat' dir='ltr'><strong>conventus</strong></span> <span class='ocrx_word' id='word_1_223' title='bbox 1173 3861 1330 3952; x_wconf 87' lang='lat' dir='ltr'><strong>ejusdem</strong></span> <span class='ocrx_word' id='word_1_224' title='bbox 1345 3859 1473 3932; x_wconf 90' lang='lat' dir='ltr'><strong>divisas</strong></span> <span class='ocrx_word' id='word_1_225' title='bbox 1484 3881 1506 3930; x_wconf 89' lang='lat' dir='ltr'><strong>a</strong></span> <span class='ocrx_word' id='word_1_226' title='bbox 1516 3859 1742 3954; x_wconf 89' lang='lat' dir='ltr'><strong>proventibus</strong></span> <span class='ocrx_word' id='word_1_227' title='bbox 1755 3870 1790 3931; x_wconf 91' lang='lat' dir='ltr'><strong>et</strong></span> <span class='ocrx_word' id='word_1_228' title='bbox 1799 3859 1935 3951; x_wconf 91' lang='lat' dir='ltr'><strong>juribus</strong></span> 
     </span>
     <span class='ocr_line' id='line_1_27' title="bbox 527 3983 1933 4078; baseline -0.001 -22"><span class='ocrx_word' id='word_1_229' title='bbox 527 3986 762 4078; x_wconf 88' lang='lat' dir='ltr'><strong>spectantibus</strong></span> <span class='ocrx_word' id='word_1_230' title='bbox 778 3985 823 4057; x_wconf 91' lang='lat' dir='ltr'><strong>ad</strong></span> <span class='ocrx_word' id='word_1_231' title='bbox 838 3986 1013 4073; x_wconf 85' lang='lat' dir='ltr'><strong>abbatem,</strong></span> <span class='ocrx_word' id='word_1_232' title='bbox 1026 3985 1062 4055; x_wconf 93' lang='lat' dir='ltr'><strong>in</strong></span> <span class='ocrx_word' id='word_1_233' title='bbox 1079 3985 1206 4077; x_wconf 92' lang='lat' dir='ltr'><strong>quibus</strong></span> <span class='ocrx_word' id='word_1_234' title='bbox 1221 3985 1365 4056; x_wconf 89' lang='lat' dir='ltr'><strong>abbates</strong></span> <span class='ocrx_word' id='word_1_235' title='bbox 1380 3983 1438 4077; x_wconf 94' lang='lat' dir='ltr'><strong>qui</strong></span> <span class='ocrx_word' id='word_1_236' title='bbox 1457 4007 1518 4078; x_wconf 88' lang='lat' dir='ltr'><strong>pro</strong></span> <span class='ocrx_word' id='word_1_237' title='bbox 1537 3995 1691 4078; x_wconf 88' lang='lat' dir='ltr'><strong>tempore</strong></span> <span class='ocrx_word' id='word_1_238' title='bbox 1711 3983 1776 4077; x_wconf 90' lang='lat' dir='ltr'><strong>ipsi</strong></span> <span class='ocrx_word' id='word_1_239' title='bbox 1795 4005 1933 4055; x_wconf 90' lang='lat' dir='ltr'><strong>monas·</strong></span> 
     </span>
     <span class='ocr_line' id='line_1_28' title="bbox 528 4095 1931 4203; baseline -0.003 -24"><span class='ocrx_word' id='word_1_240' title='bbox 528 4095 615 4180; x_wconf 76' lang='lat' dir='ltr'><strong>tenio</strong></span> <span class='ocrx_word' id='word_1_241' title='bbox 631 4109 833 4203; x_wconf 82' lang='lat' dir='ltr'><strong>prefuerunt</strong></span> <span class='ocrx_word' id='word_1_242' title='bbox 848 4129 1028 4200; x_wconf 89' lang='lat' dir='ltr'><strong>nunquam</strong></span> <span class='ocrx_word' id='word_1_243' title='bbox 1042 4107 1240 4178; x_wconf 88' lang='lat' dir='ltr'><strong>babuerunt</strong></span> <span class='ocrx_word' id='word_1_244' title='bbox 1254 4106 1471 4199; x_wconf 91' lang='lat' dir='ltr'><strong>questionem</strong></span> <span class='ocrx_word' id='word_1_245' title='bbox 1485 4127 1565 4178; x_wconf 89' lang='lat' dir='ltr'><strong>cum</strong></span> <span class='ocrx_word' id='word_1_246' title='bbox 1581 4106 1644 4196; x_wconf 91' lang='lat' dir='ltr'><strong>eis,</strong></span> <span class='ocrx_word' id='word_1_247' title='bbox 1661 4105 1824 4178; x_wconf 89' lang='lat' dir='ltr'><strong>videlieet</strong></span> <span class='ocrx_word' id='word_1_248' title='bbox 1837 4103 1931 4175; x_wconf 86' lang='lat' dir='ltr'><strong>intir-</strong></span> 
     </span>
     <span class='ocr_line' id='line_1_29' title="bbox 527 4229 1935 4323; baseline -0.004 -20"><span class='ocrx_word' id='word_1_249' title='bbox 527 4233 692 4322; x_wconf 89' lang='lat' dir='ltr'><strong>marium‚</strong></span> <span class='ocrx_word' id='word_1_250' title='bbox 711 4231 929 4320; x_wconf 87' lang='lat' dir='ltr'><strong>vestiarium,</strong></span> <span class='ocrx_word' id='word_1_251' title='bbox 953 4230 1189 4319; x_wconf 85' lang='lat' dir='ltr'><strong>cellerarium,</strong></span> <span class='ocrx_word' id='word_1_252' title='bbox 1210 4230 1406 4315; x_wconf 86' lang='lat' dir='ltr'><strong>sacristam,</strong></span> <span class='ocrx_word' id='word_1_253' title='bbox 1433 4230 1679 4320; x_wconf 89' lang='lat' dir='ltr'><strong>camerarium,</strong></span> <span class='ocrx_word' id='word_1_254' title='bbox 1703 4229 1873 4323; x_wconf 89' lang='lat' dir='ltr'><strong>hospitale</strong></span> <span class='ocrx_word' id='word_1_255' title='bbox 1898 4237 1935 4298; x_wconf 91' lang='lat' dir='ltr'><strong>et</strong></span> 
     </span>
     <span class='ocr_line' id='line_1_30' title="bbox 525 4352 1928 4448; baseline -0.001 -22"><span class='ocrx_word' id='word_1_256' title='bbox 525 4356 694 4447; x_wconf 87' lang='lat' dir='ltr'><strong>quasdam</strong></span> <span class='ocrx_word' id='word_1_257' title='bbox 708 4377 764 4426; x_wconf 90' lang='lat' dir='ltr'><strong>res</strong></span> <span class='ocrx_word' id='word_1_258' title='bbox 776 4355 861 4426; x_wconf 89' lang='lat' dir='ltr'><strong>alias</strong></span> <span class='ocrx_word' id='word_1_259' title='bbox 874 4354 920 4427; x_wconf 92' lang='lat' dir='ltr'><strong>ad</strong></span> <span class='ocrx_word' id='word_1_260' title='bbox 933 4378 1017 4427; x_wconf 91' lang='lat' dir='ltr'><strong>usus</strong></span> <span class='ocrx_word' id='word_1_261' title='bbox 1032 4353 1139 4448; x_wconf 91' lang='lat' dir='ltr'><strong>ipsius</strong></span> <span class='ocrx_word' id='word_1_262' title='bbox 1151 4362 1342 4426; x_wconf 90' lang='lat' dir='ltr'><strong>convontus</strong></span> <span class='ocrx_word' id='word_1_263' title='bbox 1355 4352 1549 4447; x_wconf 89' lang='lat' dir='ltr'><strong>specialiter</strong></span> <span class='ocrx_word' id='word_1_264' title='bbox 1555 4353 1724 4424; x_wconf 85' lang='lat' dir='ltr'><strong>hactenus</strong></span> <span class='ocrx_word' id='word_1_265' title='bbox 1734 4352 1928 4447; x_wconf 87' lang='lat' dir='ltr'><strong>deputatas,</strong></span> 
     </span>
     <span class='ocr_line' id='line_1_31' title="bbox 525 4475 1933 4574; baseline -0.002 -25"><span class='ocrx_word' id='word_1_266' title='bbox 525 4487 561 4549; x_wconf 91' lang='lat' dir='ltr'><strong>et</strong></span> <span class='ocrx_word' id='word_1_267' title='bbox 574 4477 610 4548; x_wconf 92' lang='lat' dir='ltr'><strong>in</strong></span> <span class='ocrx_word' id='word_1_268' title='bbox 626 4478 831 4552; x_wconf 89' lang='lat' dir='ltr'><strong>obedientiis</strong></span> <span class='ocrx_word' id='word_1_269' title='bbox 845 4479 927 4574; x_wconf 90' lang='lat' dir='ltr'><strong>ipsis</strong></span> <span class='ocrx_word' id='word_1_270' title='bbox 940 4488 976 4551; x_wconf 91' lang='lat' dir='ltr'><strong>et</strong></span> <span class='ocrx_word' id='word_1_271' title='bbox 989 4478 1093 4550; x_wconf 88' lang='lat' dir='ltr'><strong>rebus</strong></span> <span class='ocrx_word' id='word_1_272' title='bbox 1104 4497 1240 4571; x_wconf 90' lang='lat' dir='ltr'><strong>semper</strong></span> <span class='ocrx_word' id='word_1_273' title='bbox 1251 4477 1455 4570; x_wconf 83' lang='lat' dir='ltr'><strong>prefuerunt</strong></span> <span class='ocrx_word' id='word_1_274' title='bbox 1465 4475 1625 4548; x_wconf 88' lang='lat' dir='ltr'><strong>monachi</strong></span> <span class='ocrx_word' id='word_1_275' title='bbox 1636 4485 1829 4548; x_wconf 84' lang='lat' dir='ltr'><strong>conventus</strong></span> <span class='ocrx_word' id='word_1_276' title='bbox 1842 4477 1933 4567; x_wconf 84' lang='lat' dir='ltr'><strong>ejus·</strong></span> 
     </span>
     <span class='ocr_line' id='line_1_32' title="bbox 524 4597 1932 4696; baseline -0.002 -24"><span class='ocrx_word' id='word_1_277' title='bbox 524 4601 606 4672; x_wconf 90' lang='lat' dir='ltr'><strong>dem</strong></span> <span class='ocrx_word' id='word_1_278' title='bbox 633 4604 894 4696; x_wconf 89' lang='lat' dir='ltr'><strong>provoluntate</strong></span> <span class='ocrx_word' id='word_1_279' title='bbox 921 4622 1002 4692; x_wconf 87' lang='lat' dir='ltr'><strong>sua,</strong></span> <span class='ocrx_word' id='word_1_280' title='bbox 1025 4610 1080 4693; x_wconf 89' lang='lat' dir='ltr'><strong>tu,</strong></span> <span class='ocrx_word' id='word_1_281' title='bbox 1105 4609 1242 4672; x_wconf 89' lang='lat' dir='ltr'><strong>mortuo</strong></span> <span class='ocrx_word' id='word_1_282' title='bbox 1265 4598 1442 4694; x_wconf 88' lang='lat' dir='ltr'><strong>Stephano</strong></span> <span class='ocrx_word' id='word_1_283' title='bbox 1468 4599 1646 4692; x_wconf 91' lang='lat' dir='ltr'><strong>quondam</strong></span> <span class='ocrx_word' id='word_1_284' title='bbox 1672 4597 1799 4670; x_wconf 88' lang='lat' dir='ltr'><strong>abbate</strong></span> <span class='ocrx_word' id='word_1_285' title='bbox 1825 4597 1932 4692; x_wconf 91' lang='lat' dir='ltr'><strong>ipsius</strong></span> 
     </span>
     <span class='ocr_line' id='line_1_33' title="bbox 523 4721 1931 4822; baseline -0.001 -27"><span class='ocrx_word' id='word_1_286' title='bbox 523 4725 811 4822; x_wconf 88' lang='lat' dir='ltr'><strong>monasterii,qu0</strong></span> <span class='ocrx_word' id='word_1_287' title='bbox 820 4725 1030 4798; x_wconf 86' lang='lat' dir='ltr'><strong>monasterio</strong></span> <span class='ocrx_word' id='word_1_288' title='bbox 1042 4724 1119 4820; x_wconf 86' lang='lat' dir='ltr'><strong>ipso</strong></span> <span class='ocrx_word' id='word_1_289' title='bbox 1129 4731 1277 4797; x_wconf 89' lang='lat' dir='ltr'><strong>vacante</strong></span> <span class='ocrx_word' id='word_1_290' title='bbox 1292 4721 1397 4816; x_wconf 89' lang='lat' dir='ltr'><strong>hujus</strong></span> <span class='ocrx_word' id='word_1_291' title='bbox 1410 4723 1502 4794; x_wconf 92' lang='lat' dir='ltr'><strong>bona</strong></span> <span class='ocrx_word' id='word_1_292' title='bbox 1515 4743 1579 4818; x_wconf 91' lang='lat' dir='ltr'><strong>pro</strong></span> <span class='ocrx_word' id='word_1_293' title='bbox 1593 4729 1691 4818; x_wconf 87' lang='lat' dir='ltr'><strong>parte</strong></span> <span class='ocrx_word' id='word_1_294' title='bbox 1705 4721 1800 4794; x_wconf 85' lang='lat' dir='ltr'><strong>curie</strong></span> <span class='ocrx_word' id='word_1_295' title='bbox 1813 4729 1931 4795; x_wconf 89' lang='lat' dir='ltr'><strong>nostre</strong></span> 
     </span>
    </p>
   </div>
   <div class='ocr_carea' id='block_1_6' title="bbox 0 0 2180 5940">
    <p class='ocr_par' dir='ltr' id='par_1_7' title="bbox 0 0 2180 5940">
     <span class='ocr_line' id='line_1_34' title="bbox 0 0 2180 5940; baseline 0 8"><span class='ocrx_word' id='word_1_296' title='bbox 0 0 2180 5940; x_wconf 95' lang='lat' dir='ltr'><strong> </strong></span> 
     </span>
    </p>
   </div>
  </div>
 </body>
</html>
