4318 5904
502 550 566 614 902
1051 550 1365 615 contremuere.

502 689 587 760 vitia
614 709 683 783 qne
706 687 860 760 universi
882 688 1042 760 homines
1065 687 1221 781 Tragurii
1244 687 1289 761 de
1306 685 1465 782 partibus
1493 685 1665 758 Delmatia
1689 687 1781 760 nitra
1797 709 1913 782 mare,

505 809 626 885 fideles
646 812 750 884 amici
774 811 899 903 nostri,
923 812 1025 884 nobis
1044 812 1091 886 ad
1122 810 1327 884 mandatum
1350 819 1508 883 noetmm
1538 809 1705 906 exhibere
1730 811 1915 888 devotione

504 936 606 1009 solita
626 936 852 1026 studuerunt,
874 936 1109 1010 concessimus
1130 937 1181 1008 eis
1200 945 1241 1007 ut
1264 935 1396 1029 ubique
1414 956 1477 1030 per
1493 955 1642 1026 regnum
1655 915 1812 1008 nostrum
1829 939 1916 1012 salvi

505 1069 542 1132 et
568 1059 680 1131 securi
703 1059 866 1132 incedant
890 1060 926 1131 in
949 1061 1107 1156 personis
1122 1070 1157 1133 et
1173 1060 1279 1133 rebus
1297 1051 1438 1131 eomm.'
1449 1059 1619 1144 Quocirca
1632 1057 1789 1133 fidelitati
1802 1073 1916 1136 vestre

505 1182 711 1255 mandamus
728 1193 834 1278 atque
854 1183 1063 1280 precipimus
1085 1193 1258 1279 quatenus
1279 1183 1491 1278 ubicumque
1504 1191 1540 1255 et
1551 1182 1648 1278 apud
1660 1205 1914 1280 quemcumque

505 1317 700 1379 vestrorum
717 1307 844 1401 aliquis
859 1307 1039 1380 bominum
1054 1307 1291 1404 predictorum
1305 1306 1522 1402 pervenerit,
1540 1307 1826 1380 nullusvestrum
1840 1333 1916 1406 pre-

505 1429 678 1502 sumatde
697 1451 740 1502 eo
766 1482 1061 1504 ........
1086 1451 1101 1503 ·.
1132 1484 1142 1503 .
1173 1485 1183 1504 .
1215 1483 1224 1503 .
1251 1431 1366 1526 ipsum
1382 1431 1505 1502 tamin
1522 1452 1671 1526 persona
1690 1453 1797 1525 qnam
1813 1435 1916 1508 rebus

506 1555 579 1627 suis
597 1553 786 1626 offendere.
810 1553 912 1641 Quod
932 1555 991 1648 qui
1018 1555 1268 1650 presumpserit
1282 1553 1556 1648 indignationem
1567 1565 1769 1630 nostramse
1782 1559 1917 1631 noverit

507 1699 738 1750 rncnrsnrnm.

555 1805 681 1873 Datum
702 1801 798 1896 apud
816 1803 981 1874 Sanctum
1003 1802 1059 1874 Sal
1069 1853 1566 1875 .............
1594 1805 1621 1876 L
1647 1855 1821 1878 .....
1849 1805 1913 1904 (t),

507 1926 617 1998 XXIX
633 1925 847 2017 decembris,
865 1926 957 1998 Xllll
968 1925 1178 1998 indictionis.

720 2211 1645 2224 ffl--ss—-n--u-a-—u———a———u-——ffl
1652 2207 1703 2220 0—-

375 2565 404 2595 ..
456 2509 485 2555 ¹·
562 2494 673 2602 bela,
698 2520 764 2576 rex
791 2492 1026 2602 Hungnriae,
1056 2491 1287 2599 Dalmatiae,
1318 2492 1528 2600 Chronico,
1552 2503 1645 2599 eto,
1673 2517 1794 2602 papae
1816 2518 1917 2602 sup-

416 2632 424 2647 '
510 2626 625 2736 plicat
647 2636 690 2708 ut
713 2652 801 2709 cum
829 2626 955 2708 denuo
982 2627 1032 2708 ad
1057 2625 1183 2734 ipsum
1212 2624 1348 2708 iratres
1370 2625 1648 2733 praedicatores
1672 2651 1742 2736 pro
1766 2625 1918 2735 negotio

509 2761 618 2868 regni
637 2758 854 2870 Hungnriae
872 2758 1026 2841 nuutios
1045 2758 1184 2866 mittat,
1206 2759 1287 2866 ipse
1305 2759 1587 2870 crucesignatos
1604 2785 1813 2843 convocare
1830 2757 1919 2842 velit

510 2894 577 3003 qui
615 2893 792 2975 Tamaros
826 2891 927 2974 ultra
954 2890 1174 2974 danubium
1202 2891 1243 2974 in
1272 2917 1458 3002 magnum
1491 2892 1606 2976 totius
1633 2891 1918 2976 christianitatis

511 3024 722 3135 periculum
741 3025 901 3107 transire
918 3023 1157 3134 prohibeant.

595 3240 719 3316 (tuente.
742 3257 780 3300 ex
797 3241 884 3300 terno
903 3239 999 3299 rotulo
1019 3237 1437 3320 cluniacensi,n·1t‚'cnlne
1454 3242 1539 3319 copta
1552 3257 1571 3301 a
1583 3239 1741 3302 Lamberto
1759 3239 1798 3302 de
1816 3241 1918 3302 Berlre

633 3353 755 3407 exemto
767 3348 799 3405 tn
812 3345 889 3406 Btbi.
906 3345 1006 3407 Cesar.
1022 3346 1117 3406 Paris.
1132 3343 1328 3426 asservetur.)

562 3531 783 3605 Sanctissimo
804 3531 841 3602 in
856 3529 988 3604 Christo
1005 3531 1094 3626 patri
1108 3552 1150 3603 ac
1163 3531 1304 3604 domino
1332 3584 1341 3603 .
1373 3585 1382 3604 .
1412 3586 1422 3604 .
1455 3586 1463 3604 .
1491 3529 1557 3629 (2),
1573 3531 1919 3628 divinaprovidentia

550 3787 587 3860 (t)
607 3783 687 3842 Omni
705 3799 756 3856 ope
773 3781 962 3855 destitutique
982 3799 1127 3840 numerum
1143 3783 1206 3842 anni
1224 3783 1367 3841 restituere
1388 3783 1536 3858 possimus,
1553 3783 1589 3842 ed
1606 3800 1670 3842 ann.
1689 3785 1754 3843 tate
1777 3789 1920 3843 exeuntem

513 3883 671 3944 mandatnm
681 3879 866 3956 reponendum
879 3893 940 3936 esee
954 3895 1008 3937 non
1020 3879 1153 3938 ebenmm
1171 3879 1341 3940 arbitramur.
1354 3880 1422 3940 orn
1432 3881 1504 3939 enim
1516 3881 1568 3940 boc
1580 3887 1713 3956 tempore,
1730 3881 1794 3940 licet
1805 3879 1841 3941 de
1851 3896 1919 3940 enno

514 3985 580 4042 tate
594 3997 642 4039 seu
656 3981 726 4039 tnta
735 3993 788 4035 non
800 3977 870 4034 bene
881 3982 995 4048 constet,
1009 3977 1161 4049 ledrenees,
1172 3978 1309 4050 Potentes,
1320 3985 1480 4052 musaeque
1493 3979 1638 4040 Dalmatiae
1649 3979 1773 4038 civitatee
1784 3995 1801 4037 a
1812 3978 1919 4037 Venetis

512 4079 667 4148 defecerint,
681 4076 824 4150 conjectari
837 4080 927 4150 potest
939 4073 1105 4132 Fridericnm
1118 4075 1309 4151 imperatorem
1322 4075 1392 4134 benc
1403 4075 1578 4135 detectionem
1593 4077 1676 4136 rebus
1695 4076 1753 4136 suis
1773 4075 1918 4135 secandam

512 4179 659 4256 plurimum
670 4174 814 4249 adjuvisse.
828 4171 879 4243 Qui
888 4171 997 4246 quidem
1011 4188 1103 4231 meme
1117 4173 1251 4232 tebnrerio
1263 4173 1327 4233 anni
1340 4175 1421 4247 tata,
1434 4173 1552 4233 relidam
1563 4173 1679 4233 classem
1688 4179 1783 4232 contre
1794 4174 1917 4244 Venetos,

513 4284 583 4336 teste
594 4273 725 4334 bicoardo
738 4271 773 4329 de
787 4272 887 4329 Sancto
900 4269 1047 4343 Germano,
1062 4271 1210 4347 comparari
1219 4271 1291 4330 tecit.
1300 4271 1377 4332 Unde
1385 4271 1667 4348 notaechronoicgicne
1676 4265 1759 4346 buius
1769 4270 1918 4331 documenti

516 4375 557 4434 sic
569 4370 748 4432 restituendae
760 4367 882 4428 arbitrati
894 4383 997 4426 sumus.

550 4472 588 4545 (2)
606 4467 711 4527 Nomen
723 4483 809 4543 papae
823 4481 872 4523 seu
886 4465 973 4523 littera
986 4465 1068 4540 buius
1082 4467 1197 4525 nominis
1213 4466 1320 4525 initialis
1333 4466 1419 4540 decet,
1435 4466 1500 4525 dum
1512 4484 1560 4526 rex
1574 4467 1638 4526 bele
1650 4468 1761 4526 credere
1772 4473 1838 4524 tunc
1848 4473 1920 4524 wm-

514 4567 590 4643 porie
603 4570 695 4642 posset
709 4578 809 4621 norum
832 4577 931 4638 papam
944 4563 1094 4622 creandum
1106 4553 1174 4636 tor'e,
1189 4569 1333 4638 numquam
1344 4578 1395 4623 eun
1408 4564 1519 4622 Romam
1534 4565 1688 4640 perveniret
1704 4563 1834 4640 epistole,
1851 4561 1920 4624 Sede

513 4661 666 4738 Apostolica
678 4664 792 4721 recente
808 4660 920 4734 scripta.
1793 4671 1797 4684 ·
