4310 5908
222 633 323 694 horor.
340 634 386 710 ·1.]
669 630 865 694 HISTORIA
889 631 1186 696 otenonatlca.
1570 633 1630 698 '139

271 771 427 862 Exurgat
443 770 560 857 Deus,
589 778 625 840 et
651 768 779 840 inimici
809 769 862 840 sui
888 769 1026 864 penitus
1051 769 1263 864 dissipentur
1288 770 1349 862 qui
1377 767 1556 842 confidunt
1585 772 1629 844 de

224 894 379 991 potentia
405 893 521 988 potius
547 913 652 984 quam
675 891 720 964 de
738 894 838 985 jure;
870 892 915 965 de
940 893 1058 966 lurore
1079 893 1234 966 maximo
1253 895 1327 986 jam
1343 893 1424 965 elati
1443 894 1632 967 tenoribus

223 1030 329 1112 atquo
345 1017 448 1089 minis
462 1016 528 1089 sibi
545 1017 692 1090 credunt
713 1017 800 1089 alios
816 1017 1025 1110 subjugare,
1046 1018 1198 1090 sednon
1219 1017 1268 1089 sic
1284 1037 1349 1089 nec
1374 1039 1511 1112 semper
1533 1017 1634 1098 feriet

223 1142 468 1236 quodcumque
482 1140 670 1212 minabitur
681 1161 784 1212 arcus
797 1163 863 1212 nec
877 1142 981 1236 lupus
996 1141 1110 1237 rapiet
1124 1141 1220 1234 quod
1240 1140 1401 1212 intendit.
1418 1141 1532 1212 Nolite
1545 1162 1631 1213 ven-

224 1266 308 1339 tosis
322 1267 440 1338 verbis
455 1265 560 1358 igitur
583 1285 648 1336 nos
675 1273 819 1356 terrere,
846 1265 906 1359 qui
933 1286 1005 1337 non
1028 1287 1148 1336 sumus
1171 1265 1360 1336 amndines
1377 1264 1541 1359 paludine
1563 1286 1632 1357 que

223 1399 331 1464 vento
342 1389 480 1462 modico
489 1389 677 1482 agitantur,
688 1409 754 1460 nec
762 1387 890 1484 plumis
901 1387 1030 1460 similes
1039 1409 1105 1459 nec
1116 1388 1240 1459 brume
1255 1397 1294 1459 ut
1307 1408 1330 1458 a
1345 1387 1515 1458 solaribus
1528 1387 1633 1461 radiis

223 1512 466 1586 dissolvamur.
489 1512 650 1584 Preterea
668 1510 835 1584 noveritis
853 1512 947 1605 quod
965 1532 1083 1603 regem
1102 1512 1265 1583 Hentium
1285 1511 1479 1603 tenuimus,
1498 1511 1632 1584 tenebi-

223 1658 302 1710 mus
314 1645 351 1709 et
367 1645 536 1725 tenemus,
556 1645 722 1728 tanquam
735 1636 810 1708 tore
824 1635 977 1708 creditur
991 1636 1100 1709 nostri
1113 1636 1222 1728 juris3
1240 1635 1303 1708 sed
1317 1635 1346 1706 si
1362 1644 1514 1709 vestram
1527 1635 1634 1708 iultis

223 1760 386 1852 injuriam
399 1759 590 1849 vindicare,
604 1759 656 1830 uti
669 1757 801 1830 viribus
816 1779 880 1831 vos
892 1768 1043 1854 oportet,
1057 1770 1093 1831 et
1107 1758 1180 1830 vim
1194 1759 1229 1830 vi
1247 1759 1424 1853 expellere
1437 1759 1539 1830 nobis
1553 1759 1634 1832 lice·

222 1883 288 1955 bit.
302 1883 532 1975 Accingemus
547 1883 641 1954 enim
656 1882 811 1975 gladium
825 1903 930 1977 super
943 1881 1056 1953 lemur
1072 1892 1107 1954 et
1120 1882 1273 1974 rugitum
1288 1882 1447 1955 dabimus
1461 1891 1502 1953 ut
1515 1883 1633 1956 leones

222 2006 270 2079 ad
286 2005 559 2101 expugnandum
577 2027 642 2079 vos
668 2005 838 2078 hostiliter
863 2013 1118 2099 oppugnantes,
1144 2027 1210 2078 nee
1241 2003 1496 2098 magnificentie
1517 2017 1632 2080 vestre

223 2129 425 2222 suffragium
449 2129 546 2202 dabit
562 2129 822 2201 innumerabilis
839 2128 1038 2220 multitudo,
1056 2129 1139 2222 quia
1153 2129 1214 2202 ubi
1231 2130 1440 2222 multitudo,
1461 2130 1509 2203 ibi
1526 2130 1632 2204 debet

223 2254 381 2327 conlusio
398 2253 589 2347 assignari,
607 2263 644 2325 et
658 2253 708 2326 sio
725 2252 851 2326 dicitur
864 2253 899 2324 in
914 2253 1106 2348 proverbiis
1120 2254 1342 2348 antiquorum
1361 2282 1370 2325 ε

462 2425 490 2486 Α
505 2441 650 2487 mnenon
666 2441 774 2504 magno
786 2443 854 2504 sepe
869 2431 985 2486 mnetnr
999 2443 1078 2505 aper.

277 2929 510 3044 inidoneus,
530 2930 790 3024 Romanorum
812 2927 1031 3039 imperator,
1051 2928 1279 3039 regratiatus
1296 2930 1490 3014 communi
1507 2929 1629 3018 Muti·
1765 2947 1778 2979 ⁰

221 3063 352 3171 nensi,
377 3061 519 3146 dolenti
540 3064 587 3146 de
609 3088 701 3145 casu
722 3061 823 3171 regis
846 3061 1061 3168 Sardiniae,
1088 3072 1293 3172 monetque
1318 3073 1361 3147 ut
1395 3063 1436 3145 in
1464 3064 1539 3148 fide
1562 3091 1631 3150 sua

220 3204 485 3306 perseverant,
512 3221 633 3305 quum
651 3193 808 3296 ultimae
831 3193 1030 3278 rebellium
1058 3220 1216 3277 suorum
1240 3195 1472 3305 depressioni
1498 3222 1632 3281 vacare

221 3329 414 3438 disponat.

307 3537 398 3618 (Edlt.
414 3553 463 3615 up.
477 3535 607 3598 Petride
621 3537 687 3600 Vin.
698 3537 795 3617 aptet,
807 3537 859 3599 ltb.
872 3537 927 3612 ΙΠ,
938 3554 1003 3614 cap.
1014 3537 1135 3601 XLVII.
1148 3539 1184 3598 In
1194 3538 1260 3598 cod.
1271 3537 1464 3599 Mediomont.
1476 3538 1535 3599 Tb.
1545 3538 1631 3599 Pbll-

346 3645 432 3723 llpps,
447 3654 481 3703 ιι·
491 3651 582 3720 898⁰,
595 3643 668 3706 haec
680 3643 796 3705 rubrloa
811 3645 918 3722 legitur
930 3661 938 3704 ε
954 3641 1122 3704 &adoino
1132 3644 1195 3726 rapi
1206 3643 1335 3718 Boemr'e,
1350 3643 1402 3705 sed
1416 3646 1515 3706 mlnus
1528 3642 1632 3724 rocta.)
1655 3719 1660 3728 .

272 3865 329 3940 Ex
345 3865 513 3938 relatione
538 3866 715 3937 literarum
735 3874 946 3957 vestrarum,
970 3887 1057 3960 quas
1079 3887 1184 3961 super
1199 3875 1332 3938 eventu
1349 3867 1392 3936 Η.
1411 3866 1503 3959 regis
1521 3866 1635 3939 Sardi·

222 3988 303 4079 nie,
323 3987 441 4061 dilecti
454 3986 516 4059 filii
529 3987 661 4077 nostri,
678 4008 790 4082 nuper
807 3996 926 4061 nostro
940 3987 1082 4059 culmini
1096 3987 1312 4077 destinastis,
1342 3997 1438 4059 tanto
1452 3989 1634 4060 clariorem

221 4112 384 4188 novimus
405 4110 511 4184 fidem
532 4120 706 4201 vestram,
731 4121 862 4204 quanto
886 4132 949 4206 per
967 4112 1182 4184 evidentiora
1198 4113 1296 4205 signa
1317 4111 1543 4206 cognovimus
1561 4133 1633 4185 non

224 4235 339 4306 minus
363 4235 408 4308 de
427 4256 570 4308 casuum
593 4243 790 4307 nostrorum
809 4233 1019 4306 adversitate
1038 4256 1100 4306 vos
1118 4235 1283 4329 deprimi,
1304 4256 1408 4329 quarn
1431 4234 1476 4307 de
1495 4255 1632 4307 succes·

227 4377 327 4429 suum
343 4357 571 4452 prosperitate
592 4357 706 4429 letari.
726 4357 798 4428 Hec
812 4365 894 4428 sunt
913 4357 1041 4428 etenim
1060 4357 1254 4431 devotionis
1269 4358 1413 4446 indicia,
1437 4379 1506 4451 que
1522 4368 1634 4431 mater

227 4478 375 4553 fidelitas
393 4479 537 4573 requirit
552 4478 588 4550 in
606 4479 773 4571 subditis,
786 4489 826 4550 ut
841 4480 1138 4573 qualitercumque
1158 4481 1295 4553 fortune
1318 4480 1477 4554 dubietas
1495 4503 1632 4554 succes·

227 4625 306 4678 sura
323 4603 530 4700 proveniat,
549 4601 847 4698 qualitercumque
869 4612 1024 4698 tempora
1045 4602 1302 4698 promittentur,
1320 4602 1475 4677 fidelium
1496 4625 1633 4699 semper

229 4727 334 4801 corda
349 4726 419 4800 sint
432 4726 554 4799 eadem
569 4726 652 4798 etin
666 4725 889 4798 laudabilium
900 4725 1030 4819 jugiter
1043 4746 1188 4822 operum
1205 4727 1419 4802 exhibitione
1432 4729 1629 4825 persistunt.
