4364 5914
532 618 597 680 sui
996 621 1119 682 trinus
1142 617 1488 682 nocuttttritotttiii

549 819 663 896 teta

534 928 670 1025 ’He‘
754 947 841 1024 apua
919 981 960 996 -
978 949 1169 1011 88888888
1186 967 1238 1026 per
1253 952 1393 1012 omnem
1409 949 1549 1008 motum
1565 949 1728 1026 putenm
1749 949 1823 1009 nan
1844 949 1948 1011 am

706 1043 882 1122 Augustam.
957 1047 1109 1118 88888188,
1124 1062 1258 1107 socerum
1270 1061 1373 1112 auum.
1388 1047 1567 1104 noemae-to
1576 1047 1608 1104 in
1621 1047 1850 1122 Weaibprunna
1861 1063 1949 1124 super

956 1145 1077 1204 88818818
1091 1145 1129 1202 (18
1142 1143 1248 1203 Pbotin
1263 1143 1383 1216 1881888,
1398 1149 1493 1201 ratam
1506 1141 1606 1202 babet.
1889 1152 1946 1204 sia

535 1244 572 1296 ii
593 1244 668 1314 sept.
738 1237 852 1298 Triteia.
916 1239 1097 1299 —Fatetur
1120 1238 1301 1316 lsengnrdim
1328 1237 1457 1314 Philippi
1478 1237 1517 1298 dc
1537 1238 1729 1299 Felitensteln
1754 1236 1877 1312 dapilui
1902 1239 1947 1297 sul

955 1338 1113 1413 conjugem
1134 1335 1189 1394 sibl
1213 1335 1366 1394 uadtdime
1379 1340 1509 1393 casuum
1530 1332 1637 1395 Trilels
1657 1339 1689 1392 et
1705 1335 1834 1410 insignia
1853 1335 1946 1410 impe·

956 1432 1041 1492 rioilo
1066 1447 1143 1508 quea
1164 1431 1278 1490 ⁴ibidem
1305 1429 1509 1500 servabuntur,
1536 1445 1606 1490 cum
1634 1429 1735 1490 multis
1762 1431 1854 1489 amis
1879 1431 1946 1489 reii-

955 1529 1048 1605 qulis‚
1062 1535 1121 1587 etc.
1887 1535 1944 1587 878

552 1622 655 1700 [sept]
736 1621 850 1700 Spirae.
916 1657 956 1669 -
973 1627 1094 1686 Fatetur
1109 1624 1288 1702 Ismqardim
1307 1619 1437 1700 Philippi
1456 1624 1494 1684 de
1511 1623 1700 1682 Fuikmstein
1716 1625 1872 1702 coniugem
1889 1623 1946 1684 sibi

955 1722 1110 1782 tradidisse
1126 1729 1223 1781 castra
1237 1720 1356 1794 1811818,
1374 1719 1563 1798 Gutenburg,
1578 1719 1779 1798 Falltenberg,
1800 1722 1942 1788 Nieastel.

954 1824 985 1878 ct
996 1817 1168 1896 Spigalberg
1181 1835 1249 1878 cum
1264 1817 1441 1906 victualibus
1455 1817 1565 1877 ibidem
1579 1819 1746 1878 asservatis.
1886 1825 1944 1877 uiti

531 1920 569 1973 rt
592 1919 668 1989 sept.
748 1912 839 1988 Apud
914 1947 955 1960 —
975 1915 1061 1976 Cives
1081 1915 1259 1976 Lubleeuses
1281 1914 1382 1976 ildeies
1400 1931 1470 1976 suos
1482 1919 1580 1992 ajuro
1601 1915 1731 1974 thelonei
1747 1913 1829 1992 qnod
1847 1913 1885 1974 ab
1903 1919 1944 1976 eis

726 2010 854 2086 Spiram.
953 2013 985 2071 18
998 2015 1133 2090 pmsagio
1150 2013 1229 2088 apud
1242 2012 1385 2074 Werdam
1402 2015 1511 2088 requiri
1524 2015 1688 2080 consuevit.
1704 2027 1799 2088 usque
1816 2012 1856 2070 ad
1870 2029 1944 2088 qua·

954 2115 1022 2168 tuor
1034 2125 1128 2169 annos
1141 2111 1303 2186 completos
1316 2112 1432 2170 eximit.
1884 2118 1942 2171 888

541 2209 577 2262 18
591 2202 655 2262 (188.
740 2203 847 2279 Aquis.
913 2237 954 2250 —
974 2207 1084 2268 Notum
1102 2207 1171 2267 iacit
1189 2209 1269 2283 quod
1285 2223 1355 2267 cum
1376 2207 1558 2269 Wiihelmas
1579 2225 1677 2270 comes
1693 2209 1870 2270 iuliacensis
1889 2208 1943 2268 sub

952 2306 1088 2363 cautione
1109 2303 1179 2362 lidei
1205 2319 1276 2364 suae
1303 2307 1469 2380 promiserit
1492 2311 1601 2366 terram
1627 2309 1812 2382 imperatoris
1840 2312 1943 2366 88888

543 2453 652 2528 lm
953 2401 1115 2556 qujmiibelt
1126 2400 1292 2556 (18ἱ888ῐ81818,
1295 2401 1475 2556 ttepseeidem
1487 2404 1764 2558 cobriti‘tltiemiilla
1777 2419 1942 2561 (8888τέ81118

529 2559 667 2572 -—
953 2513 986 2554 os
1013 2513 1090 2572 gnav
1127 2514 1161 2556 su
1195 2515 1228 2556 ce
1269 2515 1283 2556 s
1327 2514 1428 2558 rmtnts
1446 2515 1530 2574 perso
1543 2516 1599 2558 ven
1620 2516 1649 2559 a.

540 2588 656 2642 timart.
746 2583 836 2658 apuu
912 2623 954 2636 —
972 2593 1118 2653 Friderioo
1140 2597 1243 2654 comiti
1265 2595 1302 2654 dc
1324 2596 1469 2671 Linlngcn
1491 2597 1594 2656 villam
1618 2597 1719 2656 Sancti
1741 2597 1829 2657 Pauli
1852 2614 1941 2674 prope

541 2735 653 2814 {⁰48
707 2681 872 2761 &illigen-
951 2692 1158 2768 Wissemburg
1171 2695 1313 2751 etomnltt
1335 2691 1459 2752 leodaiia
1474 2709 1551 2771 quae
1564 2695 1715 2770 quondam
1736 2698 1832 2754 tenuit
1854 2695 1888 2755 B.
1904 2697 1940 2756 de

527 2785 667 2854 ,ζ-
951 2787 1196 2862 Wedeglenbert,
1210 2789 1354 2848 concedit.
1882 2803 1937 2853 sat

531 2872 567 2922 1⁰
582 2867 664 2924 mill·
708 2873 870 2953 18388188.
913 2913 952 2927 -
972 2882 1296 2962 Possesslonosetlura
1313 2887 1413 2944 ouiula
1429 2888 1598 2946 monasterii
1612 2889 1644 2948 18
1657 2889 1851 2965 Weingarten
1868 2905 1940 2948 can·

403 2976 410 2988 ¹
950 2979 1051 3039 lirmot
1069 2987 1134 3040 tum
1152 2981 1189 3040 (18
1204 2984 1272 3058 Jure
1289 2982 1471 3042 censualium
1489 2983 1623 3060 ejusdam
1644 2986 1798 3064 orsiesius,
1819 2991 1884 3045 tum
1903 2987 1939 3046 de

528 3036 662 3154 Q
947 3078 1016 3152 jure
1028 3093 1114 3154 super
1129 3079 1285 3138 novalibus
1298 3082 1329 3137 in
1344 3081 1430 3156 sylva
1442 3080 1604 3142 Altorlensi
1617 3082 1754 3144 excultis.
1881 3093 1938 3144 884

527 3171 565 3224 tt
589 3165 663 3226 lebr.
699 3163 874 3241 unguento.
910 3201 951 3214 -
970 3172 1100 3233 sculteto
1117 3180 1147 3233 et
1160 3174 1274 3234 civibus
1290 3175 1328 3235 de
1341 3175 1483 3237 Soiodoro
1502 3178 1624 3238 mandat
1643 3179 1723 3256 quod
1738 3185 1938 3257 praepositum

950 3275 979 3328 et
991 3271 1153 3345 capitulum
1166 3273 1305 3331 ecclesiae
1317 3273 1518 3335 solodorenns
1531 3283 1635 3336 eontra
1650 3281 1852 3354 oppressiones
1864 3297 1937 3356 quo·

951 3369 1087 3427 rumdam
1099 3369 1333 3428 adversariorum
1347 3375 1495 3432 tueantur.
1879 3386 1936 3437 888

526 3457 663 3529 augusto.
744 3450 834 3527 Apud
911 3493 951 3506 -
971 3465 1029 3523 Pro
1051 3466 1141 3540 gratis
1167 3464 1236 3525 ildei
1261 3469 1373 3526 merids
1394 3468 1511 3528 lindolii
1538 3469 1575 3528 de
1601 3470 1760 3551 iiabsburg
1783 3473 1937 3553 lantgravii

693 3550 881 3628 Nuremberss.
949 3559 1094 3636 Alsatiac,
1108 3565 1134 3619 ei
1149 3559 1316 3622 theloneum
1331 3563 1410 3639 apud
1425 3566 1599 3627 Frendeuau
1613 3570 1757 3630 coneedit.
1879 3580 1936 3632 888

526 3655 663 3727 augusto.
742 3643 831 3720 Apud
910 3656 1637 3737 -1)(88888181118188888818818811818111
1661 3665 1699 3726 de
1720 3667 1936 3745 iiabsburg‚ei

693 3742 882 3822 Nurtmbtlss·
949 3753 1119 3813 theloneum
1135 3757 1212 3814 inter
1227 3756 1316 3816 oottes
1330 3765 1361 3816 et
1376 3757 1472 3818 libeni
1485 3758 1610 3820 fluvium
1625 3765 1768 3824 coneedit.
1879 3776 1936 3828 888

595 3881 604 3898 .
629 3884 664 3902 ..
741 3835 831 3913 Apud
911 3881 950 3894 -
970 3850 1180 3910 Monasterium
1194 3852 1231 3911 de
1246 3852 1477 3931 Soligenplorten
1492 3859 1522 3915 18
1538 3874 1592 3917 888
1606 3863 1786 3934 protectione
1799 3867 1935 3944 suscipit,

692 3935 883 4014 1181881818-
950 3949 1130 4023 mandatque
1144 3949 1300 4027 butiglerlo
1317 3959 1346 4010 et
1363 3953 1521 4030 burgravto
1535 3955 1572 4014 de
1588 3956 1772 4037 Nuremberg
1789 3965 1825 4019 ut
1841 3963 1937 4023 eidem

530 4015 657 4136 Q
949 4047 1109 4104 conventui
1123 4045 1618 4122 ubiopuslueritastarcdebeaut.
1878 4069 1934 4120 881

465 4129 469 4140 ’
533 4149 653 4204 martio,
703 4137 864 4215 Augustae.
909 4173 948 4185 -
970 4142 1146 4201 Monosterio
1162 4147 1194 4202 ln
1210 4144 1366 4222 Pollingen
1379 4163 1465 4208 usum
1485 4152 1612 4210 nemoris
1625 4150 1695 4212 dieti
1710 4153 1832 4214 Alchoia
1847 4173 1936 4234 propo

946 4239 1074 4298 Mozmul
1088 4241 1232 4300 concedit.
1877 4262 1934 4314 888

535 4337 653 4396 martio.
741 4333 830 4408 apud
908 4365 948 4376 —
968 4335 1119 4410 Hospltole
1136 4337 1261 4396 8888188
1280 4335 1388 4397 Mariae
1406 4341 1437 4398 18
1455 4339 1637 4419 Nordllngen
1655 4342 1694 4403 ab
1709 4335 1934 4425 (8881888888-

688 4429 879 4507 Nordlingen.
948 4433 1048 4504 coriis,
1069 4433 1272 4494 exactionibus
1292 4441 1322 4493 et
1345 4435 1525 4512 quibuslibet
1544 4439 1668 4514 publicis
1690 4445 1817 4504 servitiis
1835 4449 1934 4507 cudae

947 4543 1016 4586 8888
1030 4536 1168 4603 perpetuo
1184 4531 1298 4591 eximit.
1875 4551 1932 4603 888

549 4624 639 4682 mulo.
709 4621 743 4679 In
757 4625 861 4682 castris
907 4657 948 4668 —-
966 4624 1126 4685 Ludevvlco
1143 4629 1248 4686 seniori
1267 4631 1366 4688 comiti
1385 4629 1423 4690 de
1442 4630 1601 4710 ootttugon
1625 4636 1773 4696 civitatem
1792 4653 1876 4699 suain
1896 4641 1932 4702 de

739 4734 830 4796 prope
945 4721 1126 4798 Nordliugen
1149 4723 1237 4783 titulo
1258 4727 1387 4802 pignoris
1412 4727 1468 4787 snb
1490 4736 1571 4790 certo
1595 4736 1724 4807 tempore
1744 4733 1858 4813 obligat
1878 4753 1931 4812 pro
