4306 5914
956 681 959 688 -
1004 635 1216 700 carnanter
1240 635 1416 700 saeuum
1722 635 1805 716 [Au.
1822 635 1910 698 lata.

713 963 1076 976 *nna—“um-

298 1212 478 1324 npgppfpn
545 1191 1057 1302 'Fridericus,Romanorum
1074 1193 1295 1304 imperator,
1311 1192 1515 1279 Guillclmo
1534 1191 1710 1277 Turrioni
1729 1193 1912 1304 mapp'stro

502 1327 710 1412 camerario
746 1326 884 1409 Terrae
925 1323 1082 1410 Laboris
1122 1325 1282 1409 mandat
1321 1327 1425 1438 quod
1459 1328 1660 1411 couventui
1697 1324 1914 1410 Cassinensi

503 1460 663 1543 domum
681 1486 799 1543 unam
817 1460 921 1569 apud
938 1459 1121 1544 Sanctum
1140 1461 1374 1546 Germanum
1391 1486 1510 1570 quam
1528 1459 1704 1544 Tallirrus
1720 1459 1769 1543 de
1782 1459 1912 1568 Capua

502 1592 699 1704 quondam
733 1593 916 1677 uiolenter
943 1604 1216 1703 occupauerat,
1238 1594 1351 1676 faciat
1368 1592 1575 1704 resignari,
1606 1594 1656 1676 ad
1690 1618 1789 1702 opus
1820 1591 1912 1675 dicti

501 1724 721 1808 monasterii
756 1722 854 1809 sicut
893 1724 970 1808 alia
1009 1725 1093 1836 ejus
1130 1725 1233 1810 hona
1272 1726 1566 1835 procurandum.
1606 1724 1719 1824 Quod
1754 1724 1910 1835 quidem

421 1961 428 1976 .
498 1858 689 1944 lohannes
705 1857 851 1943 Russus
860 1858 909 1942 de
919 1858 1061 1944 isernia
1072 1858 1205 1969 judex,
1221 1883 1262 1942 re
1274 1859 1382 1969 prius
1392 1883 1461 1968 per
1472 1857 1708 1942 ordinarium
1723 1855 1909 1967 judicium

499 2000 609 2076 caute
625 1992 821 2096 discussa,
846 1989 1118 2075 sententialiter
1134 1993 1367 2102 exsequitur.

579 2207 704 2286 (Inadlt.
719 2209 752 2268 ln
766 2207 849 2269 arch.
863 2215 990 2272 monast.
1001 2207 1114 2271 cassin.
1131 2225 1169 2270 ax
1182 2210 1302 2288 Begast.
1317 2208 1450 2271 ‘rhomae
1462 2207 1566 2268 decani
1575 2205 1660 2280 lisa,
1672 2205 1729 2268 sub
1741 2222 1820 2268 anno
1833 2214 1908 2268 tm

618 2319 749 2388 exarato,
764 2312 816 2375 lot.
831 2323 882 2392 aa,
896 2323 931 2375 n⁰
946 2313 1011 2392 ⁵1.)

545 2529 585 2599 ln
604 2527 746 2600 nomine
764 2526 887 2600 Christi
906 2550 1022 2601 amen.
1041 2527 1144 2600 Anno
1160 2527 1205 2600 ab
1222 2527 1460 2599 incarnatione
1477 2528 1553 2622 ejus
1571 2525 1754 2598 millesimo
1773 2526 1906 2598 ducen-

498 2651 622 2724 tesimo
647 2651 913 2746 quadragesimo
935 2674 1047 2743 nono,
1076 2651 1132 2725 die
1154 2651 1289 2725 sabbati
1318 2650 1577 2746 quintodecimo
1604 2650 1729 2740 madii,
1762 2651 1906 2745 septime

497 2775 717 2866 indictionis,
744 2774 939 2870 imperante
960 2776 1102 2849 domino
1123 2783 1243 2850 nostro
1260 2775 1445 2848 Fredcrico
1464 2775 1528 2848 Dei
1549 2775 1661 2867 gratia
1679 2773 1905 2847 invictissimo

495 2901 731 2974 Romanorum
745 2899 953 2996 imperatore
965 2921 1103 2996 semper
1113 2909 1274 2992 augusto,
1285 2901 1476 2974 Jerusalem
1486 2909 1522 2972 et
1535 2899 1650 2972 Sicilie
1666 2899 1905 2994 rege,imperii

498 3024 574 3118 ejus
585 3043 677 3094 anno
692 3022 858 3096 vicesimo
872 3045 986 3114 nono,
999 3025 1153 3120 presenti
1176 3025 1306 3119 scripto
1324 3023 1466 3097 declam
1482 3044 1549 3116 ego
1563 3023 1721 3096 notarius
1731 3021 1907 3096 lohannes

498 3147 543 3219 de
558 3146 688 3219 isernia
703 3167 760 3220 me
775 3146 949 3242 recepisse
963 3168 986 3219 a
1003 3148 1166 3243 prudenti
1182 3148 1259 3221 viro
1273 3147 1393 3242 judice
1411 3147 1596 3221 Guillelmo
1610 3145 1778 3219 Tuniona
1792 3147 1902 3243 impa-

496 3269 573 3342 riali
588 3269 754 3361 magistm
769 3268 960 3343 camerario
978 3279 1068 3344 terra
1084 3271 1225 3344 Laboris
1242 3280 1278 3344 et
1290 3271 1475 3344 comitatus
1494 3269 1632 3361 Molisii,
1652 3269 1822 3364 quasdam
1840 3269 1903 3343 lic·

497 3401 590 3466 teras
606 3393 720 3487 sigillo
745 3393 901 3485 ejusdem
917 3393 1050 3467 domini
1066 3395 1221 3488 magistri
1237 3394 1419 3468 camerarii
1437 3393 1620 3487 sigillatas,
1642 3415 1791 3487 quarum
1805 3403 1905 3466 tenor

495 3516 691 3612 peremnia
714 3516 791 3589 talis
807 3527 883 3589 erat
900 3543 910 3589 ε
925 3555 977 3572 -
989 3517 1154 3590 Prudenti
1170 3518 1246 3590 vim
1261 3518 1398 3590 notario
1417 3516 1567 3592 Iohanni
1583 3518 1694 3590 Russo
1712 3517 1758 3590 de
1773 3517 1903 3591 lsarnia

495 3639 607 3713 amico
630 3661 695 3712 suo
713 3638 828 3731 judex
854 3640 1058 3714 Guillelmus
1083 3641 1260 3714 Turrionis
1288 3641 1476 3738 imperialis
1500 3641 1665 3735 magister
1693 3641 1903 3714 camerarius

494 3774 586 3837 torre
600 3763 747 3836 Laboris
760 3776 796 3836 at
811 3765 995 3838 comitatus
1008 3766 1132 3838 Molisii
1146 3766 1339 3839 salutemet
1351 3787 1507 3838 amorem
1518 3766 1705 3838 sincerum.
1722 3765 1777 3838 Ab
1791 3766 1902 3862 impe·

493 3889 570 3994 riali
584 3887 794 3962 excellentia
811 3909 929 3960 sacras
948 3890 1143 3985 recepimus
1163 3891 1300 3962 licteras
1317 3891 1353 3961 in
1375 3889 1442 3962 hac
1459 3890 1570 3963 forma
1588 3917 1597 3963 ε
1621 3889 1823 3962 Fredericus
1838 3890 1902 3963 Dei

492 4011 624 4106 gratia,
643 4021 730 4103 eto,
751 4013 917 4104 magistro
933 4013 1124 4085 camerario
1141 4023 1231 4086 terre
1252 4013 1395 4086 Laboris
1411 4023 1448 4086 et
1467 4013 1650 4086 comitatus
1664 4013 1811 4103 Molisii,
1830 4021 1898 4088 etc.

492 4136 559 4209 Pro
575 4143 675 4233 parte
695 4133 819 4206 decani
839 4144 875 4207 et
893 4145 1086 4208 conventus
1103 4137 1303 4209 monasterii
1319 4137 1513 4210 Casinensis
1527 4146 1728 4210 nostrorum
1740 4134 1901 4209 fidelium

492 4260 558 4331 luit
582 4280 696 4356 nuper
716 4258 916 4354 expositum
942 4280 1059 4332 coram
1079 4260 1181 4332 nobis
1199 4260 1295 4353 quod
1319 4281 1398 4332 cum
1419 4261 1502 4333 olim
1523 4261 1680 4333 Tallurus
1697 4259 1742 4332 de
1760 4259 1898 4356 Capua,

493 4383 577 4455 dum
594 4383 630 4453 in
643 4383 757 4456 Rocca
769 4383 892 4456 Ianule
908 4384 1110 4456 castellanis
1123 4383 1275 4456 officium
1291 4383 1495 4475 exercebat,
1517 4384 1660 4456 domum
1677 4403 1784 4454 unam
1800 4382 1900 4454 sitam

492 4507 528 4577 in
544 4505 672 4578 Sancto
687 4505 860 4580 Germano
878 4515 913 4578 et
927 4528 982 4580 res
1000 4507 1086 4580 alias
1102 4507 1149 4580 ad
1162 4519 1374 4580 conventum
1394 4509 1507 4604 ipsum
1527 4506 1777 4580 rationabiliter
1793 4506 1901 4602 perti·

491 4637 615 4702 nentes
629 4629 802 4702 violenter
819 4639 854 4702 at
867 4640 988 4704 contra
1000 4631 1171 4726 justitiam
1184 4653 1226 4704 ac
1240 4631 1419 4704 monachis
1435 4632 1518 4729 ipsis
1538 4630 1656 4704 invitis
1672 4639 1707 4702 et
1722 4629 1898 4703 contradi·

491 4751 652 4826 centibus
667 4762 884 4850 occupasset,
911 4763 946 4828 et
976 4777 1071 4827 nunc
1093 4755 1216 4828 eodem
1248 4755 1384 4829 Talium
1413 4755 1458 4829 de
1493 4754 1658 4828 mandato
1684 4751 1899 4826 celsitudinis
