4300 5916
547 572 612 636 892
1073 519 1264 639 CONRADl
1283 575 1435 652 Quam
1769 579 1854 660 [bu.
1871 581 1962 646 1251.

552 765 742 788 .....
767 705 858 789 lude
875 706 978 792 veuit
994 707 1252 821 Happenhoim
1271 737 1390 821 prope
1405 709 1660 796 Wormatiam
1677 721 1717 796 et
1736 711 1791 796 ibi
1806 725 1962 798 enaba-

549 847 788 922 metatuaeat
815 899 1003 924 .....
1024 842 1457 928 etmansitaexdiebua
1476 905 1665 928 .....
1688 845 1962 956 llexprooeuuit

548 972 709 1055 sabbato
728 983 815 1055 anta
832 972 1128 1059 Deonllatinnem
1146 977 1336 1086 Baptistae
1357 975 1419 1087 (1)
1443 973 1707 1086 Didenaheim‚
1732 978 1960 1064 oombnnens

548 1105 646 1188 illud
663 1115 701 1188 et
715 1103 845 1188 omnia
862 1131 962 1216 quae
980 1107 1191 1193 attinebant
1207 1109 1384 1219 episeopo
1402 1107 1585 1218 Spirensi.
1606 1113 1740 1194 burel.
1761 1115 1955 1220 Wortuot„

548 1263 612 1346 ap.
634 1237 826 1344 Boanum,
845 1245 992 1346 Fontes,
1013 1253 1041 1324 t.
1063 1241 1111 1348 11,
1131 1269 1171 1352 p.
1196 1245 1288 1347 187,
1312 1243 1403 1324 188.

945 1743 1058 1808 ΑΝΝΟ
1082 1746 1182 1809 1251.
1200 1781 1242 1794 -
1261 1746 1505 1809 lnbtcttotta
1524 1747 1557 1809 9.

354 2167 505 2266 ‘lgm’
602 2165 820 2275 Conradna,
847 2167 888 2250 in
916 2167 1176 2252 Romanorum
1201 2193 1330 2278 regem
1352 2167 1509 2275 electus,
1540 2169 1708 2256 Gerunda
1735 2171 1785 2254 de
1812 2170 1952 2282 Sintzig

547 2300 754 2410 burgravio
777 2301 817 2382 iu
843 2299 1061 2386 Laudaeron
1090 2313 1252 2385 mortem
1279 2301 1517 2412 imperatoris
1538 2300 1719 2386 Frideriei
1748 2304 1867 2414 patris
1893 2305 1949 2388 aui

547 2435 718 2540 nuntiat,
743 2457 904 2518 mouens
933 2436 1038 2544 quod
1067 2435 1209 2518 damna
1235 2434 1318 2546 ejus
1345 2461 1435 2520 mox
1463 2434 1668 2522 liberaliter
1694 2437 1890 2544 refundet,
1916 2449 1952 2522 et

548 2565 754 2650 exhortans
768 2576 814 2649 ut
831 2567 870 2648 in
890 2565 1068 2650 fidelitate
1085 2567 1198 2652 solita
1214 2577 1437 2677 perseueret.

630 2810 732 2892 (Edld.
750 2812 859 2890 Troas,
877 2806 1070 2890 wandalo,
1085 2811 1173 2890 elul.
1192 2809 1293 2889 tate.)

595 3024 791 3115 Oeniadas,
808 3023 871 3095 Dei
890 3021 1000 3115 gratia
1014 3023 1248 3097 Romanomm
1263 3023 1299 3095 iu
1314 3043 1433 3116 regem
1449 3019 1598 3115 electus,
1619 3043 1757 3117 semper
1769 3031 1947 3116 angustus,

547 3151 739 3225 lamuelem
753 3157 788 3220 et
803 3145 917 3219 Sicilia
934 3168 1012 3239 rex,
1028 3146 1206 3222 Gerhurdo
1219 3148 1264 3220 de
1284 3145 1423 3240 Sinzigh
1439 3146 1651 3239 burggravio
1665 3147 1702 3218 in
1715 3145 1947 3235 Landeaeron,

547 3273 642 3347 fideli
663 3293 745 3363 suo,
763 3271 909 3365 gratiam
926 3291 1024 3344 suam
1040 3281 1077 3343 et
1093 3293 1198 3345 omue
1217 3271 1363 3345 bonum.
1379 3271 1516 3344 Dolonis
1540 3270 1776 3363 immensitas,¹
1797 3292 1868 3366 que
1891 3291 1950 3343 our

546 3407 583 3470 ot
598 3395 780 3492 precordia
795 3404 914 3466 nostra
929 3393 1122 3476 mordendo
1141 3397 1293 3467 lacerare
1308 3415 1380 3468 nou
1397 3404 1527 3484 ceant,
1544 3394 1590 3467 ad
1604 3391 1871 3488 signifieandum
1889 3393 1947 3466 tibi

545 3539 730 3618 processus
739 3525 877 3590 nostros
885 3518 1040 3590 animum
1048 3527 1206 3592 nostrum
1215 3517 1485 3616 eompeseuit(o)
1497 3539 1608 3612 nuque
1621 3517 1741 3592 modo.
1752 3519 1838 3592 Cum
1847 3517 1949 3612 igitur

545 3644 645 3718 inviti
671 3645 856 3737 loquantur
876 3651 912 3714 et
930 3643 1076 3716 ulterius
1102 3655 1216 3716 tueere
1237 3664 1470 3738 nequeamus,
1489 3640 1723 3737 significamus
1745 3643 1808 3716 tibi
1823 3643 1946 3716 Roma·

544 3789 670 3842 norum
686 3787 857 3856 cenarem,
874 3764 1055 3838 dominum
1067 3767 1263 3860 genitorem
1278 3775 1454 3858 nostrum,
1475 3766 1568 3840 viam
1583 3767 1745 3838 univerae
1762 3765 1879 3838 eumin
1893 3766 1946 3838 in·

540 3912 713 3987 mesum.
731 3889 798 3978 Qui
822 3889 872 3963 aie
893 3887 1174 3964 christianissime
1189 3890 1276 3963 obiit
1296 3900 1331 3963 et
1350 3890 1387 3962 iu
1409 3911 1452 3962 ea
1471 3888 1697 3988 dispositione
1712 3888 1759 3961 ud
1780 3889 1946 3964 bonorem

542 4018 607 4090 Dei
625 4037 730 4112 super
744 4013 934 4090 Ecclesiam
951 4011 1000 4112 (b)
1022 4017 1097 4108 ejus
1117 4015 1244 4088 dieitur
1259 4013 1403 4106 obiisse,
1419 4013 1516 4110 quod
1533 4013 1577 4086 de
1592 4013 1701 4110 ipsius
1715 4013 1813 4087 obitu
1825 4013 1946 4088 mmto

582 4196 622 4275 (a)
645 4195 681 4256 In
701 4197 843 4272 leuprando
857 4197 1046 4270 computant.

584 4299 626 4382 (b)
648 4301 684 4362 ln
695 4303 837 4379 impresso
849 4293 1041 4378 copulatum,
1055 4297 1137 4375 quod
1158 4299 1241 4358 omut
1262 4313 1353 4358 raum
1369 4303 1461 4358 earet.
1477 4297 1647 4360 umorem
1669 4311 1740 4358 vero
1758 4299 1946 4375 pmpnntmur

541 4425 632 4486 quom
648 4410 741 4486 ipatus
753 4405 894 4468 Frtdedul
908 4409 1084 4465 tentamento
1101 4409 1131 4465 et
1145 4402 1292 4465 Menneu
1306 4404 1410 4465 ltttem
1423 4405 1533 4482 optime
1545 4419 1706 4465 oonrouaur
1717 4401 1904 4464 arbltramur.

579 4697 618 4768 (t)
636 4695 791 4770 arrogasti
805 4693 916 4754 manain.
