4310 5908
508 619 570 682 800
1009 623 1226 687 Falnualcl
1251 623 1425 686 suebant
1727 623 1810 704 [tas.
1828 623 1915 688 1950.

508 755 678 828 medietas
702 753 786 828 fisco
808 765 927 830 nostro
948 768 984 831 et
1005 759 1139 854 reliqua
1161 759 1329 834 medietas
1348 758 1410 831 tibi
1426 757 1556 830 Uberto
1572 757 1709 852 tuisque
1721 757 1917 854 prescriptis

508 880 714 976 applicetur.
742 880 797 953 Ad
831 882 936 974 hujm
958 883 1077 977 itaque
1101 884 1333 980 exemptionis
1357 893 1394 956 et
1409 883 1635 956 immunitatis
1652 905 1694 956 ac
1706 883 1918 956 liberationis

508 1014 627 1077 nostre
646 1004 848 1077 memoriam
867 1017 903 1078 et
922 1006 1029 1080 robur
1043 1018 1212 1104 perpetuo
1228 1009 1434 1099 valiturum,
1452 1029 1597 1103 presens
1611 1008 1831 1104 privilegium
1844 1005 1917 1081 lieri

510 1137 544 1202 et
557 1128 652 1200 bulla
665 1130 841 1224 pendente
856 1141 976 1203 nostre
991 1133 1181 1224 majestatis
1192 1133 1358 1225 jussimus
1374 1131 1594 1204 communiri.

557 1255 684 1327 Datum
710 1255 830 1348 logie,
862 1277 955 1328 anno
980 1257 1159 1330 Dominice
1194 1256 1440 1330 incarnationis
1467 1256 1649 1329 millesimo
1680 1255 1914 1329 ducentesimo

509 1378 815 1473 quinquagesimo,
834 1401 952 1453 mense
971 1381 1123 1455 octobris
1133 1435 1144 1474 ,
1162 1391 1286 1455 octava
1301 1379 1520 1478 indictione(
1543 1377 1572 1478 ).

324 1961 452 2009 Μω-
560 1956 786 2041 Universitas
819 1957 960 2040 civium
994 1958 1137 2042 Brisaei
1174 1957 1343 2042 notificat
1374 1959 1503 2070 quod,
1530 1959 1563 2042 si
1587 1959 1755 2043 civitates
1783 1984 1910 2042 mum

505 2090 724 2201 conjuratas
746 2090 796 2174 ab
821 2091 1050 2201 imperatore
1075 2092 1268 2176 Fridericc
1293 2101 1445 2203 propter
1471 2092 1575 2176 illius
1608 2091 1910 2177 humiliationem

503 2225 676 2309 recedere
702 2225 913 2335 contingat,
942 2249 1082 2336 easque
1105 2226 1225 2310 alium
1251 2226 1451 2310 dominum
1469 2225 1909 2334 praetereumdemlri-

502 2358 673 2441 dericum
692 2385 758 2442 seu
776 2359 994 2442 Conradum
1013 2358 1134 2443 filium
1149 2359 1232 2469 ejus
1246 2361 1403 2470 eligere,
1424 2386 1466 2444 se
1483 2359 1579 2442 nulli
1593 2359 1658 2442 alii
1677 2385 1794 2471 quam
1811 2359 1910 2442 Ber-

503 2490 635 2575 tholdo
652 2492 850 2575 Basiliensi
872 2493 1046 2602 episcopo
1069 2503 1106 2576 et
1123 2492 1302 2577 ecclesiae
1319 2491 1402 2603 ejus
1419 2493 1640 2577 submittere
1657 2492 1904 2578 consentient.

582 2725 683 2800 (Edld.
701 2724 801 2804 Konn3
816 2723 916 2806 Kane
928 2722 1112 2804 liodolsovd
1122 2726 1200 2786 reim
1211 2725 1291 2802 Zetl,
1306 2726 1462 2804 astiagen,
1476 2735 1511 2786 n⁰
1526 2735 1555 2804 a,
1567 2727 1807 2806 paatllielpnlg,
1819 2731 1906 2803 1845)

620 2849 658 2894 ex
671 2831 754 2894 arch.
768 2833 850 2892 clvlt.
864 2832 969 2908 anll.,
985 2849 1079 2912 gross.
1096 2835 1194 2895 velas.
1210 2832 1303 2929 Bncb.
1319 2832 1363 2896 bl.
1378 2841 1429 2909 91,
1443 2830 1490 2914 a.)

548 3031 716 3104 Omnibus
739 3031 785 3105 ad
803 3053 891 3126 quos
909 3053 1052 3128 presens
1070 3033 1236 3128 scriptum
1253 3031 1472 3128 pervenerit,
1488 3033 1696 3105 universitas
1712 3033 1841 3106 civium
1862 3036 1906 3108 de

498 3157 648 3250 Brysaco
671 3155 834 3228 noticiam
861 3157 1146 3252 subscriptorum.
1179 3157 1323 3229 Noverit
1348 3157 1554 3230 universitas
1579 3167 1695 3228 vestra
1721 3158 1817 3250 quod
1842 3180 1907 3232 nos

499 3279 724 3351 munitionem
749 3289 784 3352 et
806 3292 962 3352 montem
981 3301 1087 3376 quem
1106 3280 1336 3352 inhabitamus
1356 3303 1435 3353 cum
1453 3281 1676 3376 pertinenciis
1694 3281 1765 3352 suis
1787 3282 1907 3375 adjus

499 3413 534 3476 et
554 3405 799 3500 proprietatem
821 3405 1018 3477 Basiliensis
1038 3406 1183 3477 ecclesie
1206 3406 1379 3500 pertinere
1395 3417 1697 3498 recognoscentes,
1714 3407 1907 3480 venerabili

498 3528 640 3602 domino
654 3541 775 3602 nostro
791 3529 998 3602 Berchtoldo
1014 3528 1132 3602 divino
1149 3531 1267 3602 favore
1287 3553 1381 3604 nunc
1404 3529 1567 3627 episcopo
1585 3531 1764 3603 Basiliensi
1783 3553 1824 3604 ac
1844 3554 1908 3628 per

497 3655 611 3751 ipsum
632 3655 776 3726 ecclesie
800 3654 979 3726 Basiliensi
1008 3653 1238 3748 promittimus
1266 3655 1359 3727 bona
1387 3652 1458 3728 lide
1475 3655 1583 3749 quod,
1604 3655 1633 3726 si
1650 3656 1905 3728 serenissimum

497 3777 678 3852 dominum
693 3787 850 3850 nostrum
865 3777 1078 3850 Fridericum
1094 3780 1328 3851 Romanomm
1345 3779 1587 3874 imperatorem
1601 3779 1661 3873 qui
1677 3778 1847 3851 hactenus
1861 3779 1907 3852 ab

496 3903 572 4001 ipsa
583 3903 762 3975 Basiliensi
780 3903 924 3975 ecelesia
941 3903 1070 3975 dictam
1085 3902 1314 3974 munitionem
1330 3903 1366 3974 in
1379 3901 1520 3974 feodum
1529 3902 1692 3974 babuisse
1700 3902 1904 3992 dinoscitur,

497 4039 641 4101 eatenus
653 4027 828 4100 humiliari
841 4027 1020 4120 contingat
1032 4027 1128 4121 quod
1144 4027 1301 4099 civitates
1315 4027 1417 4100 nobis
1430 4027 1611 4120 conjurata
1631 4023 1684 4124 (2)
1701 4026 1906 4098 recesserint

530 4357 566 4433 (l)
584 4357 688 4418 Graeca
703 4363 793 4416 autem
807 4357 917 4416 indictio
933 4373 1002 4416 nona
1019 4371 1079 4416 csse
1094 4357 1214 4416 deberet.

529 4455 568 4530 (2)
586 4455 630 4514 Nil
643 4471 708 4514 vero
720 4453 861 4529 hucusque
874 4455 985 4530 reperiri
1005 4455 1093 4530 potuit
1109 4455 1179 4529 quod
1199 4455 1233 4512 de
1252 4454 1439 4530 conjuratione
1457 4453 1508 4512 ista
1524 4453 1665 4512 civitatum
1680 4453 1822 4512 Frederico
1838 4453 1905 4512 tide·

493 4554 560 4611 lium
573 4555 660 4614 lucem
677 4555 792 4630 aliquam
806 4556 903 4612 atlerrc
917 4553 1015 4623 valeat,
1032 4555 1085 4610 nisi
1102 4554 1200 4610 barum
1217 4553 1326 4610 nomina
1339 4552 1450 4627 reperiri
1464 4551 1580 4610 debcant
1592 4550 1621 4609 in
1638 4552 1817 4610 instrumento
1831 4553 1903 4626 apud

495 4650 646 4726 Schoeplbn
665 4653 761 4726 (Alect.
778 4651 902 4727 diplom,
911 4657 932 4708 t.
946 4653 972 4724 Ι,
991 4668 1020 4725 p.
1037 4652 1108 4724 lot),
1124 4653 1185 4710 dato
1197 4651 1249 4708 snb
1263 4667 1332 4709 anno
1343 4653 1421 4716 raet,
1433 4667 1526 4709 menae
1538 4651 1685 4726 maio,quo
1699 4651 1858 4708 universitas
1876 4651 1903 4708 in

494 4747 664 4808 Columbaria
679 4749 814 4809 universis
833 4749 937 4809 civibus
955 4748 983 4806 in
1000 4749 1173 4822 Hegemone,
1186 4750 1312 4820 Stetstnt,
1325 4747 1530 4826 lleiaeraperch,
1548 4748 1680 4820 Brisocb,
1693 4747 1900 4821 anenburcb,
