4310 5908
1016 625 1233 689 Futhltlct
1257 627 1430 691 sucttltnt
1734 633 1817 712 [ilar.
1835 631 1920 697 1250.

1196 868 1250 942 lll

597 1037 692 1118 (Edlt.
703 1041 736 1100 ln
749 1037 833 1102 Patri
845 1037 880 1101 dc
899 1040 965 1101 Via.
980 1044 1078 1123 aptet,
1092 1043 1145 1104 llb.
1160 1043 1218 1122 111,
1232 1059 1297 1121 cap.
1312 1043 1354 1118 ις
1370 1043 1440 1106 cell.
1450 1059 1518 1104 cunr
1529 1041 1599 1104 cod.
1612 1043 1693 1106 Blbl.
1703 1043 1804 1107 Cant.
1814 1047 1920 1126 Paris,

624 1143 717 1226 sondr
728 1147 931 1226 Natta-Dama,
946 1158 980 1207 n⁰
994 1156 1064 1208 ²02.
1086 1147 1124 1208 In
1139 1148 1202 1209 cod.
1226 1148 1421 1210 lledlomont.
1437 1147 1590 1227 Pbllllpps
1605 1149 1710 1212 unlus
1726 1153 1771 1214 ita
1784 1159 1922 1216 curatur

634 1249 700 1313 duci
713 1254 856 1331 Bouaria,
871 1254 923 1314 sed
933 1257 1031 1314 mlnus
1045 1252 1148 1333 recte.)

562 1435 780 1528 Benignitate
804 1435 907 1508 solita
926 1436 1059 1532 recepit
1076 1446 1196 1509 nostra
1216 1435 1385 1508 serenitas
1404 1435 1523 1508 literas
1540 1457 1628 1530 quas
1646 1447 1765 1510 nostro
1782 1440 1923 1512 culmini

514 1558 708 1650 destinasti,
722 1569 757 1631 et
770 1581 839 1652 que
854 1559 1122 1632 continebantur
1134 1559 1171 1630 in
1188 1557 1239 1630 eis
1249 1557 1484 1632 intelleximus
1494 1559 1691 1652 diligenter.
1706 1559 1763 1634 Ad
1776 1583 1923 1655 qnorum

515 1681 723 1776 significata,
753 1683 930 1757 devotioni
948 1694 1007 1756 tue
1024 1683 1140 1755 taliter
1160 1683 1413 1778 respondemus
1426 1683 1523 1778 quod
1539 1683 1683 1777 quiade
1700 1687 1793 1760 tacto
1806 1686 1924 1760 lacobi

516 1807 561 1881 de
586 1807 628 1879 N.
650 1829 713 1902 per
727 1807 813 1878 alias
837 1829 953 1880 sacras
971 1817 1089 1880 nostre
1108 1807 1299 1900 majestatis
1321 1808 1439 1879 literas
1461 1807 1523 1879 tibi
1542 1807 1722 1902 scripsisse
1739 1810 1924 1884 recolimus

516 1940 634 2005 nostre
647 1931 905 2026 beneplacitum
925 1931 1132 2022 voluntatis,
1153 1930 1321 2026 expedire
1338 1951 1410 2004 non
1424 1931 1586 2004 videmus
1600 1932 1648 2006 ad
1666 1953 1811 2030 presens
1828 1933 1924 2008 aliud

516 2057 644 2132 exinde
668 2056 753 2130 dare
777 2077 996 2151 responsum.
1028 2058 1078 2128 De
1101 2056 1170 2129 alio
1191 2076 1277 2128 vero
1297 2055 1394 2149 quod
1414 2055 1581 2150 scripsisti
1620 2066 1654 2130 te
1684 2059 1789 2151 juxta
1822 2080 1923 2132 man·

516 2182 637 2255 datum
656 2189 813 2252 nostrum
827 2178 933 2252 filiam
952 2190 1047 2252 tuam
1064 2179 1258 2254 marchioni
1279 2179 1326 2253 de
1339 2181 1519 2272 llomburg
1540 2178 1594 2276 (l)
1621 2203 1685 2278 por
1704 2183 1924 2276 conjugalem

515 2307 677 2402 copulam
690 2303 887 2396 tradidisse,
902 2313 1020 2377 nostre
1033 2305 1118 2378 satis
1134 2305 1329 2400 complacet
1345 2304 1532 2398 majestati.

431 2924 452 2987 .’
567 2872 747 2959 ldvaldus
765 2873 814 2958 de
834 2873 941 2958 Bona
965 2871 1083 2958 Morte
1109 2873 1264 2987 bajulus
1285 2873 1482 2962 Messanae
1509 2901 1599 2959 cum
1624 2887 1791 2984 quatuor
1812 2875 1924 2987 judi-

398 3039 399 3044 *
512 3005 621 3090 cibus
640 3006 712 3090 sibi
731 3006 1013 3117 assistentibus,
1034 3008 1084 3090 ad
1102 3007 1387 3118 requisitionem
1406 3007 1546 3092 Terrici
1565 3009 1804 3118 Theotoniei,
1823 3011 1922 3096 Petri

513 3142 562 3223 de
591 3139 803 3247 Latiniecc,
829 3140 1012 3224 Johannis
1040 3142 1088 3224 de
1111 3141 1182 3224 Ale
1203 3152 1241 3225 et
1261 3140 1434 3224 Riooardi
1456 3139 1627 3252 Anglici,
1654 3142 1924 3226 sententialiter

515 3269 762 3356 Guillelmnm
788 3272 941 3384 Mayum
968 3283 1006 3355 et
1023 3273 1177 3356 Petrum
1194 3273 1505 3380 Constantinum,
1527 3274 1705 3358 dominos
1721 3284 1759 3357 et
1770 3275 1923 3384 partio·

514 3405 645 3488 uarios
670 3405 781 3488 novis
808 3403 938 3488 Sancti
967 3404 1151 3516 Victoris,
1171 3407 1427 3516 condempnat
1456 3407 1564 3516 quod
1586 3407 1636 3490 ad
1653 3417 1779 3516 partes
1797 3407 1924 3492 mba-

513 3537 683 3621 marinas
707 3539 759 3621 ad
784 3537 912 3622 locum
940 3536 1007 3621 ubi
1032 3548 1092 3636 est
1113 3565 1182 3622 rex
1207 3539 1409 3644 Franciae,
1429 3549 1687 3648 transportant
1704 3539 1925 3651 peregrinos

514 3697 681 3782 quorum
698 3671 857 3755 nomina
872 3671 913 3754 in
931 3670 1184 3757 instrumento
1202 3673 1436 3756 inseruntur.

595 3881 720 3965 (lnedlt.
736 3899 775 3946 ex
788 3887 922 3963 orlglnall
936 3887 968 3947 ln
981 3883 1094 3947 arcblv.
1111 3885 1209 3948 esar.
1226 3887 1335 3963 Paria,
1355 3885 1459 3948 ttae
1471 3883 1521 3946 der
1533 3881 1659 3966 manu,
1674 3887 1705 3949 J.
1721 3897 1792 3966 ⁴55,
1807 3897 1841 3948 n⁰
1858 3888 1920 3970 19.)

561 4083 603 4154 ln
632 4082 775 4156 nomine
804 4083 961 4175 Domini,
989 4104 1109 4158 umen.
1139 4082 1243 4156 Anno
1275 4083 1432 4177 ejusdem
1463 4083 1711 4156 incarnationis
1739 4084 1924 4160 millesimo

514 4203 753 4280 ducentesimo
775 4207 1085 4303 quinquagesimo,
1112 4207 1304 4304 penultimo
1328 4207 1386 4281 die
1406 4207 1537 4280 mensis
1551 4207 1647 4301 julii,
1670 4217 1795 4282 octavo
1810 4209 1925 4284 indic·

545 4550 587 4624 >ru
604 4551 635 4609 n
650 4551 743 4609 aare
759 4551 795 4610 u.
810 4552 912 4625 namo,
927 4553 996 4625 aon,
1016 4514 1167 4626 amman,
1185 4551 1266 4611 mare.
1286 4552 1383 4627 spur
1399 4553 1434 4612 oo
1453 4552 1607 4612 murone
1627 4552 1662 4611 u
1682 4552 1859 4628 nonanus,
1880 4556 1926 4613 cur

514 4645 667 4706 Gualteriue
679 4663 770 4706 comes
784 4649 818 4705 de
831 4649 983 4724 llanupello
998 4647 1082 4707 liliam
1095 4665 1174 4708 suam
1185 4649 1355 4709 Thomaaiam
1368 4649 1397 4708 in
1410 4653 1552 4726 conjugem
1566 4648 1730 4723 mucre,
1744 4649 1816 4710 sicat
1827 4667 1863 4711 ex
1878 4649 1923 4710 in·

514 4743 672 4806 ammones
684 4745 887 4805 cassinensibus
903 4745 971 4805 satis
984 4752 1071 4821 patet.
