4310 5908
245 642 346 706 lunico
362 647 407 724 ¹1.]
685 644 883 707 ulsroula
907 641 1203 708 utrnollatlcu.
1584 641 1643 702 '127

293 778 540 871 Innocentius,
580 788 673 871 eto,
710 779 819 851 nobili
856 779 931 852 viro
962 781 1001 852 P.
1037 791 1119 850 nato
1157 775 1282 850 nobilis
1314 774 1381 848 viri
1412 773 1568 849 Pandulli
1599 775 1644 849 de

245 899 401 994 Aquino,
427 911 495 974 eto.
515 903 600 974 Cum
617 902 744 974 nobilis
764 902 818 974 vir
835 902 1022 975 Pandulfue
1040 901 1085 974 de
1100 900 1237 995 Aquino
1253 908 1352 995 pater
1369 908 1449 971 tuus
1464 898 1644 973 Fredcrieo

244 1025 420 1118 quondam
442 1025 641 1122 imperatori
662 1037 783 1098 contra
805 1026 994 1098 Ecclesiam
1018 1025 1187 1097 adherere
1211 1034 1400 1121 presumat,
1418 1043 1482 1095 nos
1499 1024 1645 1118 provide

245 1148 464 1221 attendentes
480 1147 576 1241 quod
592 1149 685 1221 idem
698 1171 825 1244 penam
839 1159 981 1244 propter
996 1149 1063 1221 hoc
1076 1147 1216 1239 meruit,
1236 1157 1274 1219 tu
1288 1168 1372 1220 vero
1385 1167 1448 1242 pro
1467 1157 1526 1219 tua
1541 1148 1645 1220 devo-

246 1270 425 1344 tionecum
433 1271 738 1345 Ecclesiaexilium
748 1272 904 1368 patiaris,
916 1272 1063 1365 gratiam
1075 1270 1442 1366 tibiSedieApostolice
1453 1271 1645 1344 vendicasti

245 1400 285 1464 ut
300 1402 337 1464 tu
353 1394 472 1488 tuique
482 1417 699 1488 successores
713 1395 908 1487 baroniam,
929 1405 1041 1468 castra
1059 1403 1242 1490 ceteraque
1253 1394 1346 1466 bona
1361 1416 1425 1466 sua
1440 1415 1508 1488 que
1521 1405 1591 1466 tam
1606 1395 1643 1467 in

244 1537 352 1608 reguo
376 1517 490 1590 Sicilie
510 1541 616 1614 quam
635 1531 734 1591 extra
758 1519 846 1592 illud
866 1517 959 1618 (sic)
984 1521 1131 1611 obtinet,
1152 1520 1260 1592 libere
1277 1529 1312 1592 et
1327 1518 1481 1614 plenarie
1497 1517 1585 1590 siout
1602 1539 1644 1592 ea

244 1639 316 1734 ipse
332 1640 461 1714 habere
475 1642 679 1735 dinoscitur,
695 1643 866 1734 habeatis,
881 1645 1085 1717 auctoritate
1100 1643 1313 1741 presentium
1325 1643 1557 1734 indulgemus,
1572 1664 1643 1715 non

244 1764 403 1838 obstante
417 1765 446 1838 ei
464 1766 579 1860 aliqua
595 1789 642 1838 ex
654 1767 738 1862 ipsis
753 1767 829 1839 aliis
846 1767 987 1840 duxerit
1002 1767 1238 1858 concedenda;
1255 1766 1302 1838 ita
1317 1776 1432 1838 tamen
1444 1765 1539 1860 quod
1551 1767 1581 1838 si
1596 1767 1644 1839 ad

244 1886 465 1962 devotionem
488 1899 524 1963 et
547 1891 748 1964 mandatum
770 1891 922 1964 Ecclesia
942 1891 1102 1983 redierit,
1123 1891 1183 1963 illa
1197 1890 1312 1964 omnia
1328 1890 1462 1984 integra
1478 1891 1644 1965 rehabeat

245 2011 332 2084 sicut
347 2013 455 2108 prius.
471 2014 564 2086 Nulli
578 2036 674 2108 ergo,
694 2023 748 2088 etc
752 2064 1639 2088 .......................

292 2137 416 2208 Datum
429 2137 609 2231 Lugduni,
624 2137 670 2210 111
685 2138 850 2211 kalendas
865 2139 968 2230 maii,
984 2159 1076 2211 anno
1088 2139 1159 2210 Vl⁰.

295 2913 535 2998 Innocentius
563 2942 662 3025 papa
689 2917 739 3000 ad
764 2942 893 3027 preces
921 2917 1091 3000 Riccmdi
1115 2915 1303 3000 Francisci
1334 2915 1460 3000 dilecti
1488 2914 1556 2998 filii
1583 2916 1642 3000 sui
1695 2927 1821 3037 ,puggppg

242 3044 351 3129 Petro
369 3048 551 3130 cardinali
569 3048 698 3132 Sancti
717 3050 866 3158 Georgii
885 3049 934 3132 ad
951 3049 1088 3132 Velum
1106 3050 1274 3132 Aureum
1290 3049 1417 3160 legato
1435 3074 1505 3134 suo
1522 3074 1643 3132 mau-

243 3177 310 3260 dat
335 3189 378 3262 ut
402 3179 575 3290 Philippo
594 3181 795 3265 Scriniario
824 3181 896 3265 civi
919 3179 1092 3265 Romano
1118 3181 1167 3264 de
1196 3181 1325 3292 aliquo
1350 3181 1465 3266 feudo
1490 3182 1643 3266 militari

242 3310 281 3390 in
301 3336 419 3420 regno
438 3311 584 3396 Siciliae
601 3313 797 3423 provideat
813 3314 871 3399 vel
889 3313 1003 3398 saciat
1022 3313 1222 3424 provideri.
1471 3327 1472 3330 ‘

328 3578 451 3659 (Inedlt.
464 3599 501 3644 ex
515 3583 618 3644 eodem
630 3584 729 3646 codiee
744 3592 833 3657 tote,
850 3595 883 3645 n⁰
897 3585 980 3660 ete.)

295 3864 531 3954 Innocentius,
553 3875 637 3958 eto,
654 3868 693 3938 P.
711 3866 826 3937 Sancti
841 3865 978 3958 Georgii
994 3865 1040 3938 ad
1054 3866 1178 3939 Velum
1190 3864 1344 3938 Aureum
1364 3863 1511 3938 diacono
1531 3867 1644 3940 nardi-

244 3988 327 4079 nali,
342 3987 538 4084 Apostolice
547 3988 646 4061 Sedis
661 3991 788 4082 legato,
806 3995 872 4062 etc.
888 3989 1051 4063 Volentes
1066 3991 1212 4062 obtentu
1229 3990 1346 4062 dilecti
1361 3989 1423 4062 filii
1439 3991 1564 4065 nobilis
1579 3992 1646 4064 viri

243 4111 399 4185 Riccardi
410 4111 682 4202 dictiFrancisci,
696 4112 854 4209 Philippo
867 4113 1050 4188 Scriniario
1064 4114 1131 4188 civi
1138 4114 1307 4205 Romano,
1322 4114 1548 4208 quidercguo
1560 4115 1646 4188 Sici·

244 4235 287 4306 lie
301 4235 408 4307 traxit
421 4235 603 4329 originem,
620 4235 766 4328 gratiam
780 4238 893 4309 lacere
909 4237 1110 4332 specialem,
1125 4239 1332 4311 mandamus
1345 4250 1518 4333 quatenus
1532 4238 1645 4312 eidem

245 4357 306 4430 Ph.
327 4359 364 4430 in
377 4379 486 4451 regno
500 4359 576 4454 ipso
592 4358 637 4431 de
652 4360 770 4454 aliquo
786 4359 890 4432 leudo
909 4360 1047 4432 militari
1064 4362 1092 4434 ei
1109 4372 1210 4434 vacat
1226 4363 1273 4435 ad
1286 4383 1429 4458 presens
1447 4365 1505 4435 vel
1520 4385 1644 4458 qnam

246 4482 394 4576 primum
405 4484 450 4555 ad
473 4483 510 4556 id
527 4484 692 4557 obtulerit
707 4507 745 4558 se
760 4486 918 4576 facultas,
936 4486 1120 4580 provideas
1136 4485 1192 4558 vel
1219 4487 1324 4560 facias
1348 4487 1536 4584 provideri.
1555 4489 1644 4562 Con·

248 4607 452 4700 tradictore,
482 4618 537 4681 etc
539 4661 1645 4688 ............................

291 4733 418 4805 Datum
433 4734 608 4826 Lugduni,
623 4735 651 4806 ll
664 4733 830 4808 kalendas
846 4734 943 4824 maii,
963 4756 1057 4807 anno
1070 4735 1127 4807 vl.
