4310 5908
223 624 321 684 lunrcr.
337 624 383 699 'l.]
665 620 862 683 HISTORIA
884 620 1180 685 blrtottnrlclt.
1566 619 1622 680 731

224 780 299 829 mus
317 779 359 830 ac
383 757 411 828 si
430 756 475 828 de
501 756 584 851 ipsis
601 757 691 828 lacta
710 757 799 829 toret
816 757 946 830 mentio
964 756 1135 851 specialis.
1154 755 1209 828 Ad
1223 754 1327 847 hujus
1342 755 1459 847 itaque
1478 775 1623 828 conces-

224 881 326 954 sionis
346 891 464 952 nostre
484 878 686 951 memoriam
706 888 742 951 et
757 880 915 956 stabilem
930 877 1142 970 firmitatem,
1158 898 1301 973 presens
1317 878 1482 972 scriptum
1497 875 1572 950 fieri
1590 886 1625 951 et

223 1003 333 1094 sigillo
346 1001 535 1094 majestatis
550 1011 667 1073 nostre
677 1003 843 1094 jussimus
858 1001 1075 1075 communiri.

266 1128 393 1197 Datum
406 1125 505 1217 Pisis,
522 1145 615 1197 anno
629 1124 875 1198 incarnationis
894 1125 1071 1197 Dominice
1090 1124 1272 1196 millesimo
1285 1125 1521 1197 ducentesimo
1535 1146 1622 1219 qua·

219 1249 414 1342 dragesimo
439 1268 553 1338 nono,
585 1269 705 1320 mense
734 1249 833 1341 maii,
861 1248 1047 1322 indictione
1075 1249 1238 1344 septima,
1264 1247 1456 1344 imperante
1482 1247 1622 1320 domino

218 1384 336 1446 nostro
351 1371 516 1446 Federico
530 1371 738 1466 imperatore
753 1365 890 1468 semper
909 1382 1071 1464 augusto,
1086 1371 1312 1466 Hyemsalem
1336 1382 1371 1443 et
1387 1371 1499 1443 Sicilie
1523 1391 1619 1464 rege,

217 1517 309 1571 anno
332 1494 467 1590 imperii
485 1495 560 1588 ejus
585 1493 752 1587 vigesimo
775 1515 893 1586 nono,
920 1495 1020 1588 regni
1039 1494 1264 1590 Hyerusalem
1290 1495 1454 1568 vicesimo
1478 1503 1619 1591 quarto,

217 1621 314 1716 regni
329 1639 414 1692 vero
431 1617 545 1691 Sicilie
558 1619 859 1713 quinquagesimo,
879 1618 1037 1690 feliciter.
1055 1617 1180 1691 Amen.

263 2253 493 2339 Bartboldus
518 2255 734 2365 patriarcha
766 2255 1032 2366 Aquilegensis
1059 2257 1099 2337 in
1123 2256 1291 2339 animam
1319 2283 1429 2340 suam
1460 2259 1618 2344 vicedo-

210 2383 360 2468 minum
380 2413 494 2470 sunm
513 2389 643 2498 jurare
665 2387 756 2472 iacit
782 2390 886 2499 quod
904 2389 1120 2473 observabit
1141 2399 1251 2498 pacta
1273 2389 1371 2473 inter
1389 2417 1429 2474 se
1451 2401 1489 2474 et
1510 2419 1620 2476 mar-

209 2517 385 2602 chionem
402 2519 619 2630 Estensem,
637 2522 815 2604 comitem
840 2521 967 2605 Sancti
996 2521 1199 2630 Bonifacii,
1228 2521 1397 2606 civitates
1424 2523 1615 2630 Brixiam,

208 2650 405 2736 Mantuam
422 2665 459 2738 et
475 2654 688 2739 Ferrariam
713 2655 826 2763 inite,
846 2655 941 2738 dum
959 2654 999 2736 in
1017 2653 1210 2739 servitium
1236 2655 1424 2742 Ecclesiae
1448 2670 1619 2767 potenter

207 2793 243 2868 et
260 2795 435 2894 patenter
453 2813 652 2900 assurgere
668 2788 771 2872 velit.

285 3073 385 3156 (Erllt.
401 3093 450 3155 up.
470 3076 649 3157 llumron„
665 3076 770 3160 Antip.
785 3075 856 3142 Ital.
870 3076 946 3141 mec.
960 3080 1033 3152 aar.
1049 3085 1072 3140 t.
1088 3078 1141 3152 lv,
1156 3095 1187 3157 p.
1204 3076 1289 3159 tot.)

252 3338 294 3410 ln
312 3338 452 3412 nomine
474 3349 591 3412 sancte
615 3348 651 3412 et
669 3337 849 3412 individue
868 3338 1055 3411 Trinitatis.
1080 3337 1207 3412 Amen.
1230 3338 1332 3413 Anno
1351 3339 1488 3412 Domini
1504 3342 1617 3414 mille·

205 3462 293 3536 simo
313 3463 551 3536 ducentesimo
567 3463 832 3558 quadragesimo
849 3485 961 3555 nono,
980 3462 1169 3538 indictione
1182 3464 1262 3556 Vll,
1282 3463 1443 3537 dominus
1458 3465 1617 3539 Barthol-

205 3586 271 3659 dus
286 3587 353 3659 Dei
373 3587 486 3680 gratia
500 3586 710 3659 venerabilis
731 3587 926 3682 patriarcba
951 3586 1206 3681 aquilegensis,
1229 3587 1373 3683 cupiens
1386 3589 1423 3659 iu
1437 3589 1617 3662 servitium

204 3717 325 3781 sancte
340 3709 462 3781 matris
484 3709 636 3782 Ecclesia
658 3719 820 3804 potenter
835 3719 870 3783 et
885 3719 1044 3805 patenter
1061 3731 1242 3804 assurgere
1264 3721 1436 3805 quatenus
1461 3734 1499 3786 se
1523 3713 1617 3785 vires

204 3853 266 3904 sue
289 3832 507 3924 extendunt,
526 3833 688 3905 nuntium
710 3854 811 3905 suum
826 3855 890 3928 pro
905 3832 1058 3928 petendo
1076 3833 1207 3905 auxilio
1221 3833 1267 3905 ad
1285 3833 1430 3906 devotos
1442 3835 1613 3924 Ecclesia,

203 3954 370 4028 videlicet
383 3954 520 4028 nobiles
535 3955 629 4029 viros
644 3955 880 4028 marchionem
897 3957 1078 4028 Estensem
1093 3965 1129 4029 et
1143 3956 1304 4029 comitem
1320 3957 1437 4028 Sancti
1450 3957 1614 4029 Bonilacii

202 4088 310 4174 atque
337 4079 385 4152 ad
407 4079 565 4153 civitates
588 4079 758 4172 Brixiam,
779 4081 956 4155 Mantuam
979 4089 1015 4152 et
1035 4080 1241 4171 Ferrariam,
1259 4080 1457 4154 destinavit.
1485 4079 1551 4165 Qui
1568 4079 1614 4151 de

203 4203 382 4276 communi
398 4204 574 4298 colloquio
593 4226 699 4300 super
717 4203 784 4277 hoc
800 4203 980 4293 ordinato,
998 4201 1124 4275 auditis
1140 4204 1364 4298 petitionibus
1380 4203 1462 4276 dicti
1479 4201 1610 4292 nuntii,

60 4379 64 4390 ·
201 4327 440 4422 promiserunt
463 4328 578 4400 eidem
607 4328 749 4401 domiuo
777 4327 972 4423 patriarche
992 4327 1129 4399 mittere
1152 4337 1292 4398 centum
1314 4327 1548 4399 cavalcatores
1576 4323 1613 4395 in

201 4450 353 4546 propriis
374 4451 538 4547 expensis
552 4472 663 4544 usque
680 4450 727 4523 ad
749 4459 875 4523 terram
890 4472 1006 4542 suam,
1023 4449 1071 4522 ita
1086 4449 1182 4544 quod
1199 4459 1382 4544 postquam
1403 4449 1469 4544 ipsi
1486 4447 1615 4521 luerint

202 4572 238 4643 in
259 4585 353 4647 terra
366 4575 473 4671 ipsius
489 4573 620 4646 domini
635 4572 852 4668 patriarche,
869 4573 943 4669 ipse
954 4573 1174 4668 postmodum
1193 4573 1243 4645 eis
1257 4581 1415 4644 teneatur
1429 4573 1614 4667 providere

203 4717 357 4791 congrue
376 4697 421 4770 de
438 4696 602 4794 expensis
616 4706 651 4769 et
664 4696 831 4770 resarcire
846 4696 972 4769 damna
989 4718 1057 4790 que
1074 4696 1234 4769 iaciendo
1251 4717 1403 4768 werram
1422 4695 1610 4768 incurrent.
