4352 5940
230 623 331 682 lumen.
347 620 395 700 6.]
679 621 875 684 lllS'l'Ollltl
900 619 1198 686 nrrtottrtttcrt.
1584 626 1646 688 585

232 755 477 850 obsequiosum
495 755 595 828 uobis
612 755 757 831 deberet
775 758 933 850 efficere,
953 757 1153 832 tractatibus
1176 753 1487 828 intervenientibus
1505 770 1644 854 aposto-

232 879 323 970 licis,
342 879 633 972 Lugdunensibus
654 882 770 976 potius
794 905 898 978 quam
919 878 1235 956 Mediolanensibus
1258 877 1493 973 proditoribus
1517 884 1647 956 uostris

233 1003 511 1076 reconciliatione
533 1005 761 1099 conjunctus,
790 1007 943 1102 ipsorum
968 1027 1009 1078 ac
1028 1001 1298 1078 Vercelleusinm
1322 1002 1538 1096 proditorum
1560 1029 1643 1080 nos·
1667 1073 1672 1084 .

234 1135 364 1198 trorum
380 1127 535 1198 munitus
548 1127 700 1220 auxiliiS,
720 1129 895 1200 civitatem
909 1139 1064 1202 nostram
1080 1125 1351 1198 Thauriueusem
1366 1147 1387 1196 a
1401 1137 1519 1198 nostra
1532 1125 1644 1202 fideli·

234 1258 301 1320 tate
322 1249 503 1322 seductam
524 1250 712 1345 proditorie
731 1263 952 1349 occupasset,
979 1250 1218 1324 resistentibus
1239 1259 1373 1320 tantum
1394 1251 1523 1345 palatio
1546 1253 1640 1345 ejus·

232 1371 311 1443 dem
343 1373 493 1446 civitatis
520 1376 647 1446 uostris
675 1375 808 1448 munito
838 1377 1063 1472 popularibus
1092 1384 1127 1445 et
1158 1372 1367 1467 quibusdam
1394 1374 1438 1445 de
1467 1375 1640 1449 nobilibus

230 1497 378 1570 civitatis
394 1498 521 1593 ipsius,
539 1498 732 1574 Friderr'cus
750 1501 896 1574 dilectus
917 1523 1027 1597 nepos
1049 1509 1167 1571 noster
1174 1495 1239 1596 (l),
1261 1520 1365 1591 quem
1383 1499 1428 1570 ad
1446 1502 1642 1596 superiores

231 1637 345 1715 partes
360 1621 567 1694 lombardie
583 1643 646 1717 pro
662 1625 793 1696 salubri
806 1634 899 1696 statu
914 1624 1092 1720 provincie
1107 1623 1269 1716 majestas
1285 1633 1403 1694 nostra
1420 1625 1636 1722 premiserat,

231 1744 462 1839 Papieusium,
481 1745 777 1838 Cremonensium,
796 1747 993 1818 Astensium
1009 1757 1044 1818 et
1059 1745 1389 1837 Alexandrinorum,
1404 1767 1492 1839 quos
1508 1747 1573 1819 sihi
1589 1749 1638 1821 sic

230 1867 427 1962 inopinatus
446 1889 547 1940 casus
568 1863 745 1961 exhibuit,
763 1867 949 1968 [presidiis]
966 1871 1150 1942 comitatus
1158 1924 1168 1960 ,
1191 1870 1366 1941 civitatem
1390 1871 1538 1944 eandem
1561 1883 1637 1944 tan·

229 2013 332 2088 quam
346 2003 490 2090 repente
505 1994 550 2066 de
564 1993 640 2066 celo
654 2017 770 2086 sonus,
784 1995 933 2091 impulit,
950 2005 985 2066 et
998 1995 1032 2067 in
1047 2006 1167 2068 nostro
1182 1993 1322 2066 nomine
1339 1994 1464 2087 iugatis
1479 1997 1637 2090 protinus

231 2115 427 2188 marchione
449 2117 606 2212 predicto
630 2127 665 2189 et
686 2119 920 2214 proditoribus
941 2120 1131 2208 universis,
1152 2130 1187 2190 et
1209 2120 1280 2189 iere
1303 2117 1461 2190 ducentis
1484 2142 1531 2191 ex
1553 2120 1636 2216 ipsis

230 2250 347 2312 uostro
363 2241 492 2312 carceri
509 2241 731 2337 mancipatiS,
748 2241 923 2314 civitatem
942 2241 1089 2312 eandem
1104 2251 1224 2313 nostro
1241 2241 1395 2314 dominio
1417 2241 1633 2334 redintegra·

229 2362 289 2432 vit.
300 2364 344 2434 nt
354 2362 417 2436 vix
432 2362 639 2436 decendium
653 2363 803 2436 fluxerat
819 2363 863 2436 de
879 2365 1056 2459 predictis,
1068 2365 1164 2457 quod
1178 2386 1257 2435 curu
1268 2363 1502 2435 Ferrarieuses
1514 2361 1634 2438 fideles

228 2487 334 2560 nostri
357 2487 451 2583 apud
475 2489 672 2559 Ravennam
695 2487 926 2560 demandato
952 2498 1071 2560 nostro
1093 2487 1262 2559 hactenus
1282 2499 1551 2578 commorantes,
1571 2511 1633 2591 pro

228 2610 465 2684 conservando
478 2621 584 2706 poute
598 2611 633 2682 in
650 2611 791 2684 llumiuc
806 2611 903 2702 Padi,
917 2633 988 2705 quo
1002 2611 1235 2707 proditoribus
1250 2609 1378 2682 uostris
1391 2610 1633 2683 parmensibus

227 2734 282 2806 via
302 2735 416 2806 omnis
436 2755 620 2806 succursus
643 2745 679 2806 et
700 2757 780 2830 spes
802 2735 1002 2807 munitionis
1025 2735 1233 2824 obstruitur,
1262 2733 1306 2805 de
1327 2733 1492 2807 mandato
1513 2743 1633 2807 nostro
1720 2783 1724 2790 -

228 2858 338 2930 vocati
354 2858 400 2930 ad
416 2856 562 2930 buccam
578 2859 708 2930 Tallate
729 2881 834 2953 quam
854 2859 1033 2932 Mantuani
1053 2859 1200 2930 rebelles
1216 2857 1324 2930 nostri
1341 2880 1419 2929 cum
1438 2855 1630 2930 Parmensi-

227 2981 289 3052 hus
299 2981 438 3053 insimul
450 2981 496 3054 ad
507 2982 768 3076 impediendum
780 2983 968 3055 eorundem
986 2979 1139 3053 fidelium
1155 2993 1348 3053 nostrorum
1360 2981 1631 3054 Ferrarieusium

228 3105 408 3177 transitum
430 3105 615 3201 palongata
639 3107 849 3198 munierant,
872 3108 1134 3202 pervenisseut3
1155 3108 1198 3176 H.
1221 3107 1344 3177 illustri
1365 3129 1447 3199 rege
1474 3106 1632 3198 Sardiuip

227 3227 351 3301 dilecto
365 3227 437 3301 iilic
450 3239 570 3302 nostro
584 3229 755 3302 existente
772 3230 808 3300 iu
825 3231 899 3324 ripa
912 3229 996 3301 Padi
1011 3229 1056 3302 ad
1071 3251 1190 3300 eorum
1205 3228 1372 3300 auxilium
1388 3251 1466 3300 curu
1481 3229 1619 3300 multitu
1687 3211 1691 3222 ⁸

226 3350 305 3424 diue
333 3362 564 3443 armatorum,
581 3352 742 3424 immissis
766 3351 944 3424 securibus
971 3351 1092 3423 eadem
1117 3353 1304 3446 palongata
1331 3352 1480 3441 succisa,
1502 3351 1631 3425 llumeu

224 3475 305 3548 Padi
330 3497 557 3548 cumeorum
581 3477 729 3570 navigiis
755 3478 902 3550 viriliter
929 3478 1162 3568 intraverunt,
1191 3487 1226 3548 et
1247 3476 1481 3572 proditoribus
1506 3478 1633 3550 nostris

224 3599 419 3672 Mantuanis
440 3601 500 3693 qui
523 3599 653 3672 llumen
678 3601 761 3674 Padi
785 3601 944 3697 primitus
966 3610 1177 3695 occuparant
1203 3601 1296 3671 tenui
1323 3601 1415 3672 hello
1441 3601 1629 3692 quassatis,

225 3722 475 3817 quinquaginta
490 3725 535 3796 de
549 3743 670 3800 eorum
688 3727 836 3798 navibus
851 3736 1072 3819 occeperunt,
1091 3734 1127 3796 et
1147 3734 1264 3819 preter
1278 3733 1421 3796 necatos
1438 3723 1471 3795 in
1491 3723 1633 3797 flumine

225 3868 265 3920 co
278 3847 396 3939 gladio
411 3848 650 3945 interemptos,
666 3857 839 3922 trecentos
854 3869 900 3921 ex
912 3848 1068 3920 hostibus
1083 3847 1241 3943 predicto
1261 3847 1333 3920 filio
1348 3859 1466 3921 nostro
1483 3849 1634 3940 assigua-

225 3978 319 4060 runt,
337 3991 427 4065 quos
442 3971 478 4042 in
494 3971 710 4066 proditorum
726 3981 924 4044 nostrorum
941 3972 1160 4067 exemplum,
1177 3971 1222 4042 ab
1240 3982 1388 4063 utraque
1405 3981 1503 4066 parte
1519 3971 1633 4044 llumi·

224 4093 278 4165 uis
292 4093 377 4166 Padi
397 4095 639 4167 mandavimus
657 4094 937 4191 suspendendum
961 4095 1006 4167 ad
1029 4095 1179 4166 eundem
1201 4092 1311 4165 filium
1333 4104 1490 4167 nostrum
1510 4095 1633 4168 iterato

224 4217 411 4310 majestatis
422 4227 538 4291 nostre
557 4215 749 4316 [mandato]
766 4218 898 4291 directo
918 4228 958 4290 ut
985 4240 1065 4290 cum
1088 4218 1364 4290 Ferrarieusibus
1387 4215 1546 4290 fidelibus
1569 4239 1632 4288 au-

261 4621 296 4694 (ll
316 4621 423 4680 Scilicet
435 4621 599 4696 fridericus,
613 4623 685 4682 lilius
698 4623 804 4684 chrici
817 4621 953 4698 quondam
966 4623 1148 4680 Romanorum
1165 4621 1246 4696 regis.
1262 4621 1300 4680 De
1315 4619 1359 4680 bis
1372 4621 1478 4698 plenius
1491 4637 1635 4697 argomen-

225 4723 281 4774 tum
291 4717 391 4776 videsis
404 4732 448 4792 ap.
465 4719 592 4778 chronic.
608 4721 640 4779 ds
652 4721 710 4778 reb.
725 4723 756 4778 in
770 4721 856 4778 italio
867 4721 963 4794 pestis,
977 4737 1004 4794 p.
1018 4723 1072 4778 stt
1089 4726 1115 4776 et
1129 4719 1192 4776 ill.
