4300 5916
232 627 333 687 nara.
350 625 397 700 n]
680 612 880 679 nrsronra
903 612 1197 676 nrrnounrrcn.

452 909 850 926 W*—
857 905 1423 919 mssmm-—n—-n-u——nffl

292 1177 507 1286 Corradus,
528 1177 567 1258 in
585 1177 844 1261 Romanorum
869 1203 998 1285 regem
1022 1176 1183 1285 electus,
1204 1173 1459 1283 exemptiones
1478 1171 1640 1254 thelonei
1683 1170 1834 1276 mmm,

237 1321 275 1392 et
298 1310 465 1420 passagii
493 1309 667 1394 abbatiae
685 1311 843 1394 Sanctae
860 1309 1000 1394 Mariae
1022 1310 1070 1391 de
1094 1309 1217 1392 Monte
1234 1307 1358 1390 Veteri
1377 1305 1637 1418 (Altenberg)‚

235 1441 344 1551 juxta
366 1441 562 1551 privilegia
582 1443 707 1524 eidem
731 1443 931 1525 conventui
959 1469 982 1524 a
1006 1439 1358 1550 praedecessoribus
1380 1439 1458 1521 suis
1477 1437 1641 1543 indulta,

238 1573 278 1655 in
297 1576 508 1683 praesentia
525 1574 827 1658 consiliariorum
846 1600 1004 1658 suorum
1022 1573 1233 1657 confirmat.

1668 1281 1697 1322 80
1714 1278 1849 1322 novembris·

320 1801 425 1884 (Edld.
443 1805 636 1880 Laconem,
658 1800 907 1882 Urlundcubsar
919 1799 966 1863 dia
980 1799 1077 1865 dact.
1094 1799 1142 1862 da
1154 1797 1321 1878 boemo,
1336 1817 1395 1860 zu.
1408 1799 1501 1875 band,
1524 1817 1552 1878 p
1575 1808 1644 1862 153-

236 1923 242 1930 ·
363 1917 431 1984 154,
446 1920 479 1971 n⁰
494 1909 577 1989 295.)

234 2173 237 2180 .
289 2108 485 2198 Comedus,
505 2108 577 2181 divi
591 2108 728 2201 augusti
744 2109 961 2203 imperatoris
975 2108 1138 2181 Friderici
1153 2107 1261 2198 lilius,
1276 2105 1340 2178 Dei
1353 2106 1463 2199 gratia
1476 2107 1646 2178 Rornano-

242 2255 319 2302 rum
344 2232 379 2303 in
405 2254 523 2324 regem
547 2234 696 2324 electus,
721 2255 859 2327 semper
881 2242 1049 2324 augustus
1072 2241 1107 2302 et
1127 2231 1229 2302 heres
1244 2231 1343 2322 regni
1360 2231 1562 2303 Jerusalem.
1582 2230 1647 2301 Per

242 2377 385 2451 presens
406 2357 573 2452 scriptum
596 2368 718 2429 notum
737 2356 882 2428 facimus
895 2356 1066 2429 universis
1078 2355 1214 2450 imperii
1229 2353 1390 2426 fidelibus
1417 2365 1487 2425 tarn
1507 2375 1648 2448 presen-

244 2481 335 2551 tibus
346 2501 452 2574 qnam
465 2481 590 2552 futuris
602 2479 1327 2575 quodcumaBrnnone,venerabiliabbate
1337 2478 1505 2552 dellonte
1515 2477 1645 2568 Veteri,

244 2616 279 2675 et
292 2615 467 2676 conventu
488 2605 662 2696 ejusdem,
684 2605 815 2676 ordinis
830 2605 1080 2693 Cisterciensis,
1099 2603 1299 2675 multotiens
1314 2601 1478 2673 fuerimus
1493 2600 1648 2694 requisiti

244 2737 283 2799 ut
306 2749 353 2800 ex
373 2731 451 2821 jure
477 2729 628 2802 thelonei
651 2739 687 2800 et
711 2729 859 2824 passagii
876 2728 963 2800 lieni
979 2739 1015 2800 et
1027 2728 1157 2821 ubique
1171 2729 1207 2799 in
1222 2727 1324 2800 terris
1337 2737 1372 2800 et
1384 2726 1483 2820 aquis
1497 2725 1646 2820 imperii,
1667 2787 1670 2792 .

241 2852 343 2942 juxta
364 2863 519 2924 tenorem
539 2853 709 2947 privilegii
733 2852 940 2926 serenissimi
962 2853 1094 2926 Cesaris
1114 2851 1245 2925 domini
1258 2851 1366 2946 patris
1380 2850 1501 2940 nostri,
1520 2849 1649 2922 babere

245 2971 468 3062 dignaremur
491 2980 690 3065 exemptos;
719 2993 784 3044 nos
808 2973 891 3066 quia
917 2972 961 3045 de
985 2981 1104 3044 tenore
1126 2971 1234 3066 ipsius
1257 2968 1427 3065 privilegii
1452 2969 1551 3040 nobis
1578 2989 1650 3040 non

245 3092 367 3166 aderat
380 3094 571 3184 certitudo,
590 3103 624 3166 et
637 3095 783 3189 predicti
798 3096 907 3167 abbas
921 3105 956 3168 et
971 3094 1132 3167 monachi
1148 3116 1211 3189 pre
1227 3093 1473 3187 impedimento
1486 3092 1649 3165 etdiscri·

246 3217 339 3287 mine
372 3217 506 3288 viarum
540 3219 742 3290 asserebant
764 3239 801 3290 sc
828 3239 899 3290 non
925 3239 1026 3313 posse
1055 3217 1272 3313 privilegium
1296 3216 1383 3288 illud
1400 3216 1437 3286 in
1453 3216 1651 3288 anthentica

246 3337 357 3410 forma
378 3339 422 3410 de
447 3341 603 3433 partibus
626 3339 766 3413 Colonie
787 3362 898 3433 usque
921 3341 967 3412 ad
985 3351 1138 3412 nostram
1160 3339 1368 3435 presentiam
1381 3360 1502 3412 secure
1517 3339 1652 3411 deferre

247 3473 365 3533 nostro
386 3465 584 3558 conspectui
595 3463 861 3555 ostendendum,
872 3463 1053 3558 petitiones
1064 3485 1184 3536 eorum
1205 3463 1370 3535 duximus
1392 3463 1653 3557 suspendendas

249 3595 284 3654 et
294 3585 527 3657 commisimus
537 3607 599 3680 per
610 3587 742 3658 litteras
752 3595 886 3658 nostras
903 3586 1089 3659 Gernando
1105 3586 1245 3676 seniori,
1263 3586 1449 3678 burgravio
1463 3587 1508 3658 de
1524 3586 1654 3658 Werda

249 3705 343 3778 fideli
367 3719 506 3799 nostro,
524 3710 584 3804 qni
598 3721 650 3782 est
666 3711 822 3804 partibus
836 3710 1096 3783 Coloniensibns
1111 3709 1264 3799 vicinus,
1282 3720 1322 3780 ut
1335 3709 1458 3781 eodem
1475 3709 1654 3804 privilegio

249 3829 363 3902 eidem
386 3833 594 3905 monasterio
619 3834 664 3905 ab
685 3833 905 3927 imperatoria
928 3835 1107 3925 majestate
1130 3833 1265 3905 indulto
1284 3854 1346 3927 per
1372 3855 1451 3904 eum
1471 3833 1655 3926 diligenter

250 3956 423 4050 iuspecto,
450 3956 494 4028 de
517 3957 626 4028 verbo
650 3957 696 4030 ad
718 3958 863 4028 verbum
885 3954 1034 4030 fideliter
1051 3967 1087 4029 et
1100 3957 1260 4030 distinete
1278 3957 1459 4028 transcribi
1474 3957 1603 4030 faceret
1618 3957 1655 4028 in

250 4101 313 4151 sua
339 4081 512 4174 presentia
533 4090 568 4152 et
584 4091 701 4153 nostre
721 4080 917 4154 celsitudini
941 4081 1007 4153 sub
1029 4102 1092 4152 suo
1111 4081 1224 4172 sigillo
1245 4081 1446 4153 destinaret.
1470 4079 1535 4164 Qui
1551 4101 1656 4175 super

250 4200 317 4272 hoe
336 4202 537 4274 mandatum
554 4212 710 4274 nostrum
725 4202 851 4297 exequi
866 4201 1027 4294 studenS,
1056 4201 1192 4297 scripsit
1212 4202 1311 4272 nobis
1335 4201 1427 4272 idem
1450 4202 1656 4293 burgravius

251 4334 287 4396 et
302 4324 508 4398 Gernandns
521 4325 612 4397 filius
630 4328 705 4418 ejus
725 4327 791 4397 sub
806 4347 927 4398 eornm
938 4325 1058 4418 sigillis
1073 4326 1204 4397 litteras
1218 4327 1254 4397 in
1270 4327 1336 4398 hae
1349 4327 1460 4397 forma
1478 4353 1486 4396 z

299 4449 525 4522 Serenissimo
548 4450 690 4523 domino
710 4473 772 4522 suo
792 4450 934 4522 domino
960 4450 1137 4539 Conrado,
1173 4449 1243 4522 divi
1271 4451 1408 4544 angusti
1441 4451 1657 4548 imperatoris

249 4571 414 4644 Friderici
436 4570 527 4666 filio,
547 4573 779 4646 Romanorum
805 4573 840 4644 in
862 4595 979 4667 regem
1002 4576 1135 4664 electo,
1159 4596 1297 4670 semper
1321 4587 1468 4669 augusto
1487 4575 1658 4650 etheredi

251 4695 459 4789 Jerusalem,
485 4699 690 4772 Gemandus
709 4708 744 4770 et
761 4698 966 4770 Gern'andus
993 4697 1083 4770 tilius
1099 4721 1198 4788 suus,
1217 4699 1424 4792 burgravius
1435 4700 1656 4806 werdensis,
