4300 5916
214 599 319 664 nure.
335 597 383 676 a]
667 591 866 654 nrsuonrn
889 588 1185 654 nrruouarrca.
1566 588 1624 652 ser

219 736 337 830 itaque
355 727 528 805 solutione
549 727 705 824 predicte
725 728 872 824 pecunie
895 726 1087 800 secundum
1108 724 1302 822 predictum
1327 723 1363 796 et
1377 747 1440 820 per
1463 727 1627 798 terminos

219 857 443 946 constitutos,
460 853 584 926 eadem
602 851 725 925 civitas
744 851 790 924 ed
806 874 930 924 manus
946 861 982 924 et
997 850 1187 924 dominium
1203 859 1321 922 nostre
1340 849 1435 921 curie
1452 849 1526 922 sine
1540 872 1626 922 con·

220 979 426 1053 tradictione
454 977 638 1069 cujuslibet
655 976 773 1048 ,libere
801 985 1007 1047 revertatur.
1034 972 1135 1048 Unde
1166 994 1229 1068 pro
1255 974 1372 1046 sutura
1397 975 1535 1046 cautela
1558 984 1628 1048 tam

218 1105 314 1178 curie
331 1113 449 1175 nostre
465 1121 571 1195 quarn
588 1099 746 1193 ejusdem
761 1099 915 1191 comitis,
935 1120 1079 1194 presens
1100 1098 1267 1194 scriptum
1280 1109 1438 1170 nostrum
1451 1095 1527 1170 iieri
1542 1097 1627 1170 ieci·

220 1250 299 1300 mus
312 1227 424 1320 sigillo
443 1234 561 1297 nostro
578 1224 763 1296 munitum.
1150 1221 1152 1227 ’

265 1351 393 1421 Datum
402 1348 566 1420 incastris
577 1369 686 1443 prope
697 1347 817 1420 villam
827 1345 1013 1418 Attzenach
1023 1343 1089 1444 (t),
1099 1367 1191 1418 anno
1199 1321 1370 1418 doninica
1380 1345 1626 1418 incarnationis

220 1474 402 1547 millesimo
422 1471 661 1546 ducentesimo
677 1471 985 1565 quinquagesimo,
1012 1491 1131 1542 mense
1152 1469 1250 1560 maii,
1275 1478 1399 1542 octava
1422 1470 1623 1542 indictione.

274 1925 486 2008 Permansit
507 1924 688 2008 dominus
713 1926 911 2009 Corradus
933 1951 1001 2007 rex
1022 1926 1124 2034 apud
1144 1923 1393 2034 Oppenheim.
1419 1924 1476 2007 ibi
1501 1925 1625 2034 primo
1651 1930 1833 1986 'tim‘-

219 2058 258 2139 in
291 2056 388 2167 julio
429 2067 715 2142 castrametatus
757 2069 812 2142 est
854 2068 942 2140 ante
984 2056 1171 2139 civitatem
1216 2082 1347 2139 versus
1389 2057 1625 2167 Dynenheim

124 2266 128 2272 ,
219 2188 441 2296 [Dienheim]
463 2251 650 2273 .....
674 2189 860 2273 Continuo
878 2190 960 2272 sine
977 2215 1085 2272 mora
1104 2215 1311 2300 exsurgens
1329 2191 1511 2299 processit
1530 2217 1624 2274 ver-

220 2347 286 2406 sus
312 2319 572 2433 Mogun'tiam,
599 2335 637 2407 et
663 2323 774 2433 quasi
805 2324 844 2405 in
865 2323 1049 2407 suburbio
1080 2323 1239 2406 civitatis
1268 2349 1386 2432 prope
1414 2323 1625 2407 claustrum

219 2456 324 2565 quod
348 2457 488 2540 dicitur
505 2457 626 2539 Daien
650 2467 938 2540 castrametatus
963 2467 1035 2539 est.
1056 2455 1104 2540 Et
1129 2456 1337 2542 combussit
1359 2482 1491 2539 ornnes
1516 2457 1625 2540 villas

222 2586 365 2671 civibus
400 2589 633 2698 Moguntinis
665 2600 702 2672 et
730 2589 906 2698 episeopo
942 2590 1164 2696 attinentes,
1194 2589 1358 2699 exceptis
1389 2601 1516 2674 umen
1548 2590 1625 2674 iliis

221 2746 321 2829 quae
339 2747 380 2804 se
398 2723 557 2830 pecunia
575 2722 739 2832 graviter
756 2723 1010 2806 redemerunt.
1032 2722 1078 2805 Et
1097 2748 1186 2806 oum
1204 2722 1257 2806 ibi
1274 2749 1342 2832 per
1356 2722 1436 2806 dies
1454 2723 1625 2834 quinque

218 2853 489 2960 permansisset
512 2864 550 2936 et
571 2855 713 2937 interea
733 2880 833 2938 novo
857 2881 947 2964 rege
965 2853 1199 2960 [Guillelmol
1226 2855 1267 2936 in
1293 2855 1489 2966 Mogontia
1514 2857 1645 2939 exis-¹

117 3039 119 3044 ·
220 2995 343 3094 tento,
369 2985 566 3070 Conradus
583 3014 650 3070 rex
674 3012 762 3069 eum
787 2988 866 3070 suis
885 2989 1066 3070 accedens
1090 2987 1290 3071 Vlanhaim
1308 2986 1384 3097 (2),
1406 2988 1502 3070 illud
1521 2999 1626 3070 tota-

220 3115 307 3200 liter
332 3117 533 3226 subvertit3
563 3120 717 3214 mittens
744 3120 886 3203 interea
905 3145 975 3228 pro
994 3119 1139 3204 civibus
1157 3121 1528 3228 Woruraeiensibus,
1558 3122 1624 3231 qui

222 3249 302 3332 suis
335 3251 509 3359 precibus
545 3264 753 3335 annuentes
784 3253 979 3369 miserunt·
1000 3253 1035 3336 ei
1066 3253 1307 3336 medietatem
1334 3253 1494 3336 civitatis
1531 3253 1625 3336 seria

218 3393 327 3466 ‘uxta
356 3371 444 3466 ante
479 3384 787 3494 Assumptionem
819 3387 958 3471 Mariae
992 3386 1159 3496 Virginis
1196 3385 1257 3498 (o)
1369 3449 1378 3469 .
1412 3449 1421 3470 .
1457 3451 1467 3470 .
1497 3387 1625 3471 Primo

221 3525 350 3599 autem
376 3543 489 3599 mane
509 3517 571 3600 die
597 3518 745 3602 sabbati
771 3521 961 3630 progressi
994 3530 1084 3603 sunt
1111 3520 1151 3600 in
1179 3519 1412 3628 provinciam
1435 3519 1625 3604 Silvestris

219 3648 393 3757 comitis,
426 3651 665 3734 devastantes
704 3663 742 3735 ct
783 3663 1065 3735 concremantes
1100 3653 1265 3736 totaliter
1300 3679 1400 3736 eam.
1441 3653 1626 3738 Reversus

222 3778 357 3863 exinde
382 3785 480 3889 [rex]
505 3783 607 3866 venit
635 3783 909 3869 Mouwenheim
934 3785 993 3896 (d)
1019 3811 1138 3894 prope
1154 3785 1404 3895 Boiandiem,
1423 3785 1555 3869 volens
1573 3785 1626 3868 ibi

221 3912 434 4032 Wernhero
452 3916 499 3998 de
521 3916 707 3999 Boiandia
731 3918 860 4001 omnia
885 3945 955 4002 sua
980 3919 1196 4025 devastare3
1225 3920 1330 4028 quod
1354 3918 1549 4028 Philippus
1578 3919 1626 4002 de

190 4043 461 4131 ‘Falkcnstein
497 4049 622 4132 renuit
657 4051 836 4134 omnibus
874 4051 999 4134 modis
1034 4051 1271 4135 defendendo
1306 4053 1462 4134 fratrem
1494 4077 1621 4134 suum.

261 4309 298 4381 tt)
316 4313 408 4370 Mouet
418 4313 584 4372 Boebmuus
595 4329 667 4372 nunc
683 4314 773 4388 ugido
786 4315 886 4374 Elzach
899 4316 927 4372 in
940 4316 1083 4390 Braiegau,
1101 4316 1149 4374 ubi
1161 4315 1343 4375 verisimiliter
1354 4333 1401 4374 rex
1412 4315 1550 4384 Conradus
1562 4323 1629 4374 tunc

223 4409 354 4480 temporis
365 4411 456 4483 copies
469 4411 622 4484 cottigebat.

262 4503 295 4576 (ί)
312 4505 419 4563 Scilicet
431 4507 581 4579 1⁷10an,
599 4509 705 4568 duobus
718 4509 802 4568 leucis
815 4511 850 4567 ab
863 4509 954 4568 dlzeia
969 4509 1078 4568 distans

235 4591 241 4602 '
262 4591 305 4672 (³5
321 4605 355 4660 tt
369 4605 475 4676 augusti
489 4597 599 4663 mensis.

261 4698 296 4771 (t)
315 4699 624 4760 Hodiedtoucdcnder'm.
