4352 5940
236 616 337 676 lrnrm.
353 615 400 694 6.]
688 613 887 677 HISTORIA
911 613 1207 677 blenottttttcn.
1589 615 1649 678 597

236 747 341 819 iidem
366 748 547 845 lllantuani
570 756 605 820 et
632 747 868 822 Ferrarienses
897 749 1055 824 infideles
1078 749 1188 822 nostri
1214 770 1278 844 per
1300 749 1440 822 alveum
1462 748 1546 821 Padi
1568 770 1649 822 cum

236 871 458 944 multitudine
484 871 628 943 navium
654 871 901 966 discurrerent,
920 883 956 946 et
977 872 1220 946 parmensibus
1246 873 1479 968 proditoribus
1502 873 1645 964 nostris,

235 1016 337 1088 qnos,
353 995 521 1090 impedito
539 995 590 1068 eis
604 1017 668 1090 per
682 995 878 1091 predictum
894 1007 1037 1093 pontem
1053 996 1169 1068 navali
1184 995 1353 1087 subsidio,
1363 997 1437 1088 jam
1449 996 1522 1067 sere
1535 996 1650 1088 adjec·
1720 979 1723 986 ’

235 1117 331 1189 tione
344 1141 414 1191 non
430 1118 567 1192 modica
582 1140 697 1190 rerum
711 1120 985 1194 necessariarum
1001 1119 1192 1211 indigentia
1208 1119 1417 1209 subarraret,
1435 1118 1599 1190 victualia
1613 1129 1649 1190 et

234 1241 303 1315 alia
318 1243 513 1314 necessaria
529 1243 703 1338 copiosius
719 1243 973 1334 ministrarent,
989 1241 1208 1316 considerato
1229 1242 1324 1336 qnod
1343 1242 1409 1313 nisi
1431 1253 1591 1337 reparato
1612 1251 1649 1313 et

234 1366 325 1436 bene
346 1365 480 1438 munito
503 1375 623 1460 ponte,
641 1366 733 1439 viam
752 1389 816 1462 per
835 1368 967 1441 Pedum
989 1367 1150 1440 omnibus
1167 1365 1280 1438 modis
1298 1367 1446 1438 navibus
1466 1366 1647 1438 claudere·

235 1511 326 1581 mus,
335 1511 399 1561 nos
413 1489 449 1559 in
464 1489 644 1563 obsidione
654 1490 775 1562 Parme
789 1511 923 1562 moram
936 1490 1104 1562 inutiliter
1119 1489 1347 1580 traheremus,
1357 1499 1499 1584 pontem
1513 1488 1550 1560 in
1561 1510 1648 1582 qua·

234 1605 316 1683 dem
330 1611 491 1684 strictura
505 1613 603 1703 Padi,
620 1613 730 1710 captis
746 1613 842 1710 prius
857 1614 1104 1710 superPadnm
1118 1636 1181 1710 per
1193 1615 1413 1686 Ravennates
1426 1621 1462 1684 et
1474 1612 1647 1686 Mutinen-

234 1756 290 1805 ses
306 1732 428 1808 fidelos
443 1745 581 1809 nostros
596 1737 734 1810 circiter
750 1746 891 1809 centum
914 1737 1065 1810 bostium
1086 1747 1283 1810 nostrornm
1301 1737 1462 1827 navibus,
1481 1757 1551 1808 una
1567 1757 1647 1807 oum

235 1857 451 1950 bominibus,
476 1861 599 1952 armis,
625 1861 850 1952 victualibus,
878 1872 913 1934 et
940 1861 1102 1934 omnibus
1127 1863 1299 1934 contentis
1322 1862 1358 1932 in
1385 1861 1453 1951 eis,
1475 1883 1548 1934 non
1572 1860 1647 1932 sine

235 1982 371 2074 magnis
384 1983 562 2056 laboribus
574 1995 609 2056 et
622 1985 785 2080 expensis
803 1985 947 2058 lecimus
963 1985 1134 2058 fabricari.
1155 1987 1263 2058 Ponte
1283 2007 1422 2080 quoqne
1440 1983 1516 2079 ipso
1538 1986 1647 2056 fosse·

236 2106 279 2177 tis
299 2119 336 2178 et
354 2108 626 2204 propugnaculis
649 2130 691 2182 ac
715 2109 864 2182 strenuis
895 2110 1154 2183 defensionibus
1185 2111 1416 2202 omnibusque
1444 2108 1648 2182 necessariis

234 2230 284 2302 sic
298 2231 445 2320 munito,
464 2233 559 2326 quod
573 2234 670 2324 nullo
684 2243 821 2328 poterat
835 2233 985 2306 bostium
1000 2234 1141 2327 ingenio
1155 2236 1212 2306 vel
1225 2234 1357 2307 viribus
1372 2233 1549 2328 occupari,
1563 2233 1646 2304 Par·

235 2376 372 2428 menses
387 2355 547 2428 videntes
561 2379 624 2452 per
637 2358 849 2452 completum
865 2366 1009 2452 pontem
1025 2359 1225 2454 optimeque
1238 2359 1425 2449 munitum,
1437 2356 1501 2428 sibi
1513 2357 1648 2430 navalis

236 2477 380 2552 subsidii
405 2480 440 2550 in
468 2502 539 2574 quo
563 2481 841 2554 defendebantur
872 2465 1025 2554 maxime
1054 2504 1152 2578 spem
1174 2482 1388 2576 ademptam,
1407 2480 1559 2573 quedam
1590 2479 1647 2552 die

237 2611 401 2694 tanquam
417 2603 462 2674 de
476 2604 547 2676 vita
564 2603 752 2699 desperati,
770 2605 807 2675 in
825 2604 1021 2678 animorum
1034 2605 1166 2676 rabiem
1180 2605 1386 2694 incidentes,
1398 2605 1579 2695 elegerunt
1590 2603 1648 2674 vel

235 2746 298 2819 per
316 2747 469 2820 pugnam
490 2728 735 2818 succumbere,
756 2729 814 2802 vel
834 2728 973 2800 favente
995 2729 1045 2800 eis
1064 2728 1275 2824 prosperiori
1296 2729 1434 2800 lortuna
1455 2726 1500 2798 de
1520 2727 1648 2798 nostris

236 2851 396 2922 manibus
411 2851 628 2924 liberari.Ad
638 2852 836 2924 instantiam
842 2850 892 2948 (c)
907 2853 1128 2946 quorundam
1139 2849 1647 2946 Parmensium,qninobiscum

237 2975 386 3048 Victoris
400 2975 436 3047 in
450 2975 566 3071 specie
580 2973 736 3048 fidelium
751 2975 940 3071 proditorie
955 2976 1194 3066 morabantur,
1211 2976 1256 3048 de
1272 2977 1396 3048 Parma
1411 2974 1468 3047 die
1471 3025 1643 3046 .....

239 3150 248 3170 .
280 3085 295 3170 .’
320 3151 492 3173 .....
522 3109 591 3172 tem
609 3101 735 3172 milites
749 3122 853 3193 quam
870 3102 1058 3197 populares
1073 3101 1304 3174 communiter
1319 3107 1490 3172 exeuntes
1505 3097 1551 3170 ad
1567 3096 1648 3170 Vic-

239 3222 374 3312 toriam,
392 3243 457 3318 per
471 3223 638 3296 insultum
653 3224 745 3296 circa
761 3223 884 3295 horem
902 3223 1038 3296 tertiam
1055 3223 1169 3295 locum
1185 3223 1300 3318 ipsum
1317 3224 1458 3293 luerunt
1472 3221 1644 3314 aggressi,

237 3356 272 3416 et
283 3357 472 3440 antequam
485 3347 586 3420 nobis
600 3369 643 3420 ac
657 3346 819 3422 fidelibus
832 3348 959 3420 nostris
971 3347 1171 3441 hujusmodi
1183 3347 1389 3442 proditionis
1403 3346 1532 3438 ignaris
1550 3345 1648 3418 darc·

237 3479 293 3541 tur
306 3470 352 3543 ad
369 3492 467 3543 arma
487 3472 642 3567 spacium
661 3447 849 3564 redeundi,
866 3483 977 3546 totum
997 3473 1112 3546 locum
1132 3473 1245 3567 ipsum
1268 3471 1364 3565 globi
1381 3471 1474 3563 ignei
1487 3469 1646 3563 ¹untdique

237 3605 462 3692 occuparunt,
474 3597 682 3690 quibusdam
697 3597 802 3670 rebus
817 3606 854 3670 et
867 3597 1093 3690 vectigalibus
1106 3596 1233 3670 nostris
1244 3596 1333 3668 datis
1346 3596 1383 3666 in
1397 3595 1557 3668 manibus
1567 3595 1647 3666 hos·

238 3719 322 3790 tium
335 3719 373 3790 in
392 3719 620 3816 direptionem
642 3732 678 3792 et
691 3721 851 3817 predam.
865 3723 904 3793 ln
917 3743 1066 3817 persona
1082 3743 1166 3794 vcro
1184 3731 1320 3811 nostra,
1336 3720 1560 3816 pergratiam
1577 3721 1645 3792 lle·

236 3842 427 3938 demptoris
441 3845 565 3936 nostri,
583 3867 664 3916 cum
679 3846 797 3918 multis
809 3844 971 3918 fidelibus
986 3845 1113 3918 nostris
1130 3846 1216 3918 salvi
1231 3844 1418 3933 evasimus,
1436 3844 1645 3938 quibusdam

238 3967 448 4062 pauperibus
468 3977 503 4040 et
520 3968 655 4042 levibus
672 3969 844 4065 personis,
863 3991 952 4064 quas
970 3971 1051 4061 fuge
1067 3969 1257 4064 presidium
1273 3969 1408 4062 salvare
1424 3988 1495 4040 non
1512 3967 1643 4062 potuit,

235 4089 271 4160 in
288 4091 487 4186 captivitate
504 4091 662 4165 deductis
676 4103 738 4166 ant
753 4115 817 4188 per
831 4115 956 4168 manus
976 4093 1128 4166 hostium
1149 4093 1327 4167 trucidatis
1348 4141 1641 4165 ........

284 4211 441 4310 (Caetera
455 4214 613 4313 desunt.)

118 4495 123 4506 ·
195 4487 200 4500 ¹
276 4475 316 4556 (a)
338 4477 375 4538 In
389 4478 540 4540 codlclbus
553 4477 790 4542 adimtntctam.
