<?xml version="1.0" encoding="UTF-8"?>
<!DOCTYPE html PUBLIC "-//W3C//DTD XHTML 1.0 Transitional//EN"
    "http://www.w3.org/TR/xhtml1/DTD/xhtml1-transitional.dtd">
<html xmlns="http://www.w3.org/1999/xhtml" xml:lang="en" lang="en">
 <head>
  <title>
</title>
<meta http-equiv="Content-Type" content="text/html;charset=utf-8" />
  <meta name='ocr-system' content='tesseract 3.04.00' />
  <meta name='ocr-capabilities' content='ocr_page ocr_carea ocr_par ocr_line ocrx_word'/>
</head>
<body>
  <div class='ocr_page' id='page_1' title='image "./historiadiploma00fredgoog/historiadiploma00fredgoog_0303.png"; bbox 0 0 4300 5916; ppageno 0'>
   <div class='ocr_carea' id='block_1_1' title="bbox 520 628 1926 710">
    <p class='ocr_par' dir='ltr' id='par_1_1' title="bbox 520 628 1926 710">
     <span class='ocr_line' id='line_1_1' title="bbox 520 628 1926 710; baseline 0.001 -16"><span class='ocrx_word' id='word_1_1' title='bbox 520 631 581 694; x_wconf 68' lang='grc' dir='ltr'>ω</span> <span class='ocrx_word' id='word_1_2' title='bbox 1044 629 1230 696; x_wconf 76' lang='lat' dir='ltr'><strong>coenem</strong></span> <span class='ocrx_word' id='word_1_3' title='bbox 1254 628 1409 705; x_wconf 77' lang='lat' dir='ltr'><strong>ormrr</strong></span> <span class='ocrx_word' id='word_1_4' title='bbox 1734 630 1818 710; x_wconf 70' lang='lat' dir='ltr'><strong>rm.</strong></span> <span class='ocrx_word' id='word_1_5' title='bbox 1836 631 1926 696; x_wconf 74' lang='lat' dir='ltr'><strong>mm</strong></span> 
     </span>
    </p>
   </div>
   <div class='ocr_carea' id='block_1_2' title="bbox 444 761 1929 2097">
    <p class='ocr_par' dir='ltr' id='par_1_2' title="bbox 516 761 1929 1233">
     <span class='ocr_line' id='line_1_2' title="bbox 519 761 1928 862; baseline 0.001 -24"><span class='ocrx_word' id='word_1_6' title='bbox 519 787 605 838; x_wconf 89' lang='lat' dir='ltr'><strong>nore</strong></span> <span class='ocrx_word' id='word_1_7' title='bbox 618 765 832 860; x_wconf 82' lang='lat' dir='ltr'><strong>presentium</strong></span> <span class='ocrx_word' id='word_1_8' title='bbox 843 777 969 839; x_wconf 86' lang='lat' dir='ltr'><strong>uotum</strong></span> <span class='ocrx_word' id='word_1_9' title='bbox 980 767 1125 840; x_wconf 78' lang='lat' dir='ltr'><strong>lndmus</strong></span> <span class='ocrx_word' id='word_1_10' title='bbox 1138 761 1555 859; x_wconf 80' lang='lat' dir='ltr'><strong>universisquoduosed</strong></span> <span class='ocrx_word' id='word_1_11' title='bbox 1565 763 1928 862; x_wconf 72' lang='lat' dir='ltr'><strong>devotenervitiequo</strong></span> 
     </span>
     <span class='ocr_line' id='line_1_3' title="bbox 518 888 1929 987; baseline 0.001 -25"><span class='ocrx_word' id='word_1_12' title='bbox 518 890 614 962; x_wconf 86' lang='lat' dir='ltr'><strong>cives</strong></span> <span class='ocrx_word' id='word_1_13' title='bbox 628 890 848 962; x_wconf 79' lang='lat' dir='ltr'><strong>Trevirenses</strong></span> <span class='ocrx_word' id='word_1_14' title='bbox 862 889 1004 962; x_wconf 84' lang='lat' dir='ltr'><strong>domino</strong></span> <span class='ocrx_word' id='word_1_15' title='bbox 1018 902 1054 963; x_wconf 89' lang='lat' dir='ltr'><strong>et</strong></span> <span class='ocrx_word' id='word_1_16' title='bbox 1067 891 1157 987; x_wconf 79' lang='lat' dir='ltr'><strong>petri</strong></span> <span class='ocrx_word' id='word_1_17' title='bbox 1174 900 1307 980; x_wconf 83' lang='lat' dir='ltr'><strong>nostro,</strong></span> <span class='ocrx_word' id='word_1_18' title='bbox 1325 889 1426 962; x_wconf 86' lang='lat' dir='ltr'><strong>nobis</strong></span> <span class='ocrx_word' id='word_1_19' title='bbox 1442 899 1478 962; x_wconf 89' lang='lat' dir='ltr'><strong>et</strong></span> <span class='ocrx_word' id='word_1_20' title='bbox 1494 888 1878 984; x_wconf 83' lang='lat' dir='ltr'><strong>imperioprestiteroot</strong></span> <span class='ocrx_word' id='word_1_21' title='bbox 1892 902 1929 964; x_wconf 79' lang='lat' dir='ltr'><strong>et</strong></span> 
     </span>
     <span class='ocr_line' id='line_1_4' title="bbox 517 1011 1926 1110; baseline 0.004 -27"><span class='ocrx_word' id='word_1_22' title='bbox 517 1013 717 1105; x_wconf 81' lang='lat' dir='ltr'><strong>frequenter</strong></span> <span class='ocrx_word' id='word_1_23' title='bbox 730 1023 893 1108; x_wconf 83' lang='lat' dir='ltr'><strong>poterunt</strong></span> <span class='ocrx_word' id='word_1_24' title='bbox 910 1014 1096 1106; x_wconf 84' lang='lat' dir='ltr'><strong>exhibere,</strong></span> <span class='ocrx_word' id='word_1_25' title='bbox 1108 1015 1264 1088; x_wconf 75' lang='lat' dir='ltr'><strong>debitum</strong></span> <span class='ocrx_word' id='word_1_26' title='bbox 1277 1023 1473 1110; x_wconf 88' lang='lat' dir='ltr'><strong>respectum</strong></span> <span class='ocrx_word' id='word_1_27' title='bbox 1489 1011 1677 1104; x_wconf 74' lang='lat' dir='ltr'><strong>umentes,</strong></span> <span class='ocrx_word' id='word_1_28' title='bbox 1688 1012 1829 1086; x_wconf 87' lang='lat' dir='ltr'><strong>eosdem</strong></span> <span class='ocrx_word' id='word_1_29' title='bbox 1845 1035 1926 1088; x_wconf 85' lang='lat' dir='ltr'><strong>cum</strong></span> 
     </span>
     <span class='ocr_line' id='line_1_5' title="bbox 516 1132 1926 1233; baseline 0.001 -25"><span class='ocrx_word' id='word_1_30' title='bbox 516 1137 674 1232; x_wconf 90' lang='lat' dir='ltr'><strong>personis</strong></span> <span class='ocrx_word' id='word_1_31' title='bbox 692 1147 727 1208; x_wconf 88' lang='lat' dir='ltr'><strong>et</strong></span> <span class='ocrx_word' id='word_1_32' title='bbox 742 1137 902 1208; x_wconf 91' lang='lat' dir='ltr'><strong>omuibus</strong></span> <span class='ocrx_word' id='word_1_33' title='bbox 914 1137 1015 1209; x_wconf 92' lang='lat' dir='ltr'><strong>bonis</strong></span> <span class='ocrx_word' id='word_1_34' title='bbox 1032 1139 1104 1210; x_wconf 91' lang='lat' dir='ltr'><strong>suis</strong></span> <span class='ocrx_word' id='word_1_35' title='bbox 1117 1139 1183 1210; x_wconf 90' lang='lat' dir='ltr'><strong>sub</strong></span> <span class='ocrx_word' id='word_1_36' title='bbox 1198 1137 1334 1233; x_wconf 90' lang='lat' dir='ltr'><strong>imperii</strong></span> <span class='ocrx_word' id='word_1_37' title='bbox 1351 1147 1385 1210; x_wconf 89' lang='lat' dir='ltr'><strong>et</strong></span> <span class='ocrx_word' id='word_1_38' title='bbox 1400 1147 1552 1209; x_wconf 81' lang='lat' dir='ltr'><strong>nostrum</strong></span> <span class='ocrx_word' id='word_1_39' title='bbox 1566 1132 1816 1232; x_wconf 88' lang='lat' dir='ltr'><strong>protectionem</strong></span> <span class='ocrx_word' id='word_1_40' title='bbox 1831 1159 1926 1210; x_wconf 87' lang='lat' dir='ltr'><strong>rece-</strong></span> 
     </span>
    </p>

    <p class='ocr_par' dir='ltr' id='par_1_3' title="bbox 444 1260 1925 1975">
     <span class='ocr_line' id='line_1_6' title="bbox 517 1260 1925 1356; baseline 0.001 -25"><span class='ocrx_word' id='word_1_41' title='bbox 517 1263 631 1356; x_wconf 92' lang='lat' dir='ltr'><strong>pimus</strong></span> <span class='ocrx_word' id='word_1_42' title='bbox 644 1261 841 1356; x_wconf 83' lang='lat' dir='ltr'><strong>specialem,</strong></span> <span class='ocrx_word' id='word_1_43' title='bbox 857 1282 920 1356; x_wconf 88' lang='lat' dir='ltr'><strong>per</strong></span> <span class='ocrx_word' id='word_1_44' title='bbox 934 1262 1115 1334; x_wconf 86' lang='lat' dir='ltr'><strong>obtentum</strong></span> <span class='ocrx_word' id='word_1_45' title='bbox 1130 1263 1243 1354; x_wconf 82' lang='lat' dir='ltr'><strong>gretie</strong></span> <span class='ocrx_word' id='word_1_46' title='bbox 1254 1260 1384 1334; x_wconf 88' lang='lat' dir='ltr'><strong>domini</strong></span> <span class='ocrx_word' id='word_1_47' title='bbox 1401 1269 1439 1332; x_wconf 84' lang='lat' dir='ltr'><strong>et</strong></span> <span class='ocrx_word' id='word_1_48' title='bbox 1453 1261 1618 1353; x_wconf 61' lang='lat' dir='ltr'><strong>mitnrm</strong></span> <span class='ocrx_word' id='word_1_49' title='bbox 1632 1261 1741 1332; x_wconf 78' lang='lat' dir='ltr'>nostri</span> <span class='ocrx_word' id='word_1_50' title='bbox 1756 1271 1794 1332; x_wconf 87' lang='lat' dir='ltr'><strong>et</strong></span> <span class='ocrx_word' id='word_1_51' title='bbox 1808 1271 1925 1334; x_wconf 80' lang='lat' dir='ltr'><strong>nostm</strong></span> 
     </span>
     <span class='ocr_line' id='line_1_7' title="bbox 444 1361 1925 1481; baseline 0.001 -25"><span class='ocrx_word' id='word_1_52' title='bbox 444 1361 446 1366; x_wconf 30' lang='lat'>⁸</span> <span class='ocrx_word' id='word_1_53' title='bbox 516 1383 659 1456; x_wconf 87' lang='lat' dir='ltr'><strong>firmiter</strong></span> <span class='ocrx_word' id='word_1_54' title='bbox 672 1385 902 1480; x_wconf 80' lang='lat' dir='ltr'>precipientes</span> <span class='ocrx_word' id='word_1_55' title='bbox 913 1407 958 1457; x_wconf 92' lang='lat' dir='ltr'><strong>ne</strong></span> <span class='ocrx_word' id='word_1_56' title='bbox 974 1385 1053 1480; x_wconf 89' lang='lat' dir='ltr'><strong>quis</strong></span> <span class='ocrx_word' id='word_1_57' title='bbox 1066 1407 1126 1458; x_wconf 91' lang='lat' dir='ltr'><strong>eos</strong></span> <span class='ocrx_word' id='word_1_58' title='bbox 1141 1395 1264 1459; x_wconf 81' lang='lat' dir='ltr'><strong>contre</strong></span> <span class='ocrx_word' id='word_1_59' title='bbox 1276 1381 1446 1481; x_wconf 85' lang='lat' dir='ltr'><strong>presentis</strong></span> <span class='ocrx_word' id='word_1_60' title='bbox 1459 1383 1683 1480; x_wconf 83' lang='lat' dir='ltr'><strong>protectionis</strong></span> <span class='ocrx_word' id='word_1_61' title='bbox 1697 1393 1816 1457; x_wconf 82' lang='lat' dir='ltr'><strong>nostre</strong></span> <span class='ocrx_word' id='word_1_62' title='bbox 1831 1396 1925 1458; x_wconf 88' lang='lat' dir='ltr'><strong>teno-</strong></span> 
     </span>
     <span class='ocr_line' id='line_1_8' title="bbox 516 1507 1920 1604; baseline 0.001 -27"><span class='ocrx_word' id='word_1_63' title='bbox 516 1527 590 1578; x_wconf 93' lang='lat' dir='ltr'><strong>rem</strong></span> <span class='ocrx_word' id='word_1_64' title='bbox 615 1529 703 1579; x_wconf 83' lang='lat' dir='ltr'><strong>ausu</strong></span> <span class='ocrx_word' id='word_1_65' title='bbox 724 1508 906 1582; x_wconf 80' lang='lat' dir='ltr'><strong>temerario</strong></span> <span class='ocrx_word' id='word_1_66' title='bbox 926 1509 1111 1581; x_wconf 71' lang='lat' dir='ltr'><strong>molestare</strong></span> <span class='ocrx_word' id='word_1_67' title='bbox 1134 1518 1330 1604; x_wconf 77' lang='lat' dir='ltr'><strong>presumat.</strong></span> <span class='ocrx_word' id='word_1_68' title='bbox 1350 1507 1452 1594; x_wconf 86' lang='lat' dir='ltr'><strong>Quod</strong></span> <span class='ocrx_word' id='word_1_69' title='bbox 1473 1509 1535 1604; x_wconf 81' lang='lat' dir='ltr'><strong>qui</strong></span> <span class='ocrx_word' id='word_1_70' title='bbox 1560 1507 1809 1604; x_wconf 81' lang='lat' dir='ltr'><strong>presumpserit</strong></span> <span class='ocrx_word' id='word_1_71' title='bbox 1830 1507 1920 1580; x_wconf 75' lang='lat' dir='ltr'><strong>indi·</strong></span> 
     </span>
     <span class='ocr_line' id='line_1_9' title="bbox 515 1629 1922 1726; baseline 0.003 -26"><span class='ocrx_word' id='word_1_72' title='bbox 515 1629 713 1723; x_wconf 76' lang='lat' dir='ltr'><strong>gnationem</strong></span> <span class='ocrx_word' id='word_1_73' title='bbox 738 1640 892 1704; x_wconf 80' lang='lat' dir='ltr'><strong>nostram</strong></span> <span class='ocrx_word' id='word_1_74' title='bbox 917 1641 953 1703; x_wconf 89' lang='lat' dir='ltr'><strong>et</strong></span> <span class='ocrx_word' id='word_1_75' title='bbox 972 1630 1108 1726; x_wconf 91' lang='lat' dir='ltr'><strong>imperii</strong></span> <span class='ocrx_word' id='word_1_76' title='bbox 1131 1651 1168 1703; x_wconf 89' lang='lat' dir='ltr'><strong>se</strong></span> <span class='ocrx_word' id='word_1_77' title='bbox 1200 1630 1286 1703; x_wconf 83' lang='lat' dir='ltr'><strong>sciat</strong></span> <span class='ocrx_word' id='word_1_78' title='bbox 1305 1631 1468 1724; x_wconf 61' lang='lat' dir='ltr'><strong>mounes</strong></span> <span class='ocrx_word' id='word_1_79' title='bbox 1483 1631 1715 1703; x_wconf 85' lang='lat' dir='ltr'><strong>incursurum.</strong></span> <span class='ocrx_word' id='word_1_80' title='bbox 1742 1630 1799 1702; x_wconf 82' lang='lat' dir='ltr'><strong>Ad</strong></span> <span class='ocrx_word' id='word_1_81' title='bbox 1820 1633 1922 1724; x_wconf 82' lang='lat' dir='ltr'><strong>cujus</strong></span> 
     </span>
     <span class='ocr_line' id='line_1_10' title="bbox 515 1754 1920 1852; baseline 0.004 -29"><span class='ocrx_word' id='word_1_82' title='bbox 515 1754 737 1850; x_wconf 88' lang='lat' dir='ltr'><strong>protectionis</strong></span> <span class='ocrx_word' id='word_1_83' title='bbox 753 1755 871 1846; x_wconf 89' lang='lat' dir='ltr'><strong>robur,</strong></span> <span class='ocrx_word' id='word_1_84' title='bbox 893 1766 1071 1852; x_wconf 83' lang='lat' dir='ltr'><strong>presentes</strong></span> <span class='ocrx_word' id='word_1_85' title='bbox 1084 1755 1134 1828; x_wconf 90' lang='lat' dir='ltr'><strong>eis</strong></span> <span class='ocrx_word' id='word_1_86' title='bbox 1149 1755 1273 1828; x_wconf 81' lang='lat' dir='ltr'><strong>demus</strong></span> <span class='ocrx_word' id='word_1_87' title='bbox 1289 1755 1422 1828; x_wconf 75' lang='lat' dir='ltr'><strong>litteras</strong></span> <span class='ocrx_word' id='word_1_88' title='bbox 1440 1755 1553 1848; x_wconf 73' lang='lat' dir='ltr'><strong>sigillo</strong></span> <span class='ocrx_word' id='word_1_89' title='bbox 1573 1765 1690 1828; x_wconf 88' lang='lat' dir='ltr'><strong>nostre</strong></span> <span class='ocrx_word' id='word_1_90' title='bbox 1706 1755 1920 1828; x_wconf 77' lang='lat' dir='ltr'><strong>celsitudinis</strong></span> 
     </span>
     <span class='ocr_line' id='line_1_11' title="bbox 515 1875 827 1975; baseline 0 -25"><span class='ocrx_word' id='word_1_91' title='bbox 515 1878 744 1950; x_wconf 79' lang='lat' dir='ltr'><strong>communies</strong></span> <span class='ocrx_word' id='word_1_92' title='bbox 761 1875 827 1975; x_wconf 89' lang='lat' dir='ltr'><strong>(l).</strong></span> 
     </span>
    </p>

    <p class='ocr_par' dir='ltr' id='par_1_4' title="bbox 561 1997 1414 2097">
     <span class='ocr_line' id='line_1_12' title="bbox 561 1997 1414 2097; baseline 0 -21"><span class='ocrx_word' id='word_1_93' title='bbox 561 2005 687 2078; x_wconf 87' lang='lat' dir='ltr'><strong>Datum</strong></span> <span class='ocrx_word' id='word_1_94' title='bbox 703 2003 897 2097; x_wconf 77' lang='lat' dir='ltr'><strong>Heguovie,</strong></span> <span class='ocrx_word' id='word_1_95' title='bbox 911 2004 1003 2076; x_wconf 92' lang='lat' dir='ltr'><strong>Xllll</strong></span> <span class='ocrx_word' id='word_1_96' title='bbox 1014 2003 1113 2096; x_wconf 74' lang='lat' dir='ltr'><strong>julii,</strong></span> <span class='ocrx_word' id='word_1_97' title='bbox 1126 1997 1314 2076; x_wconf 83' lang='lat' dir='ltr'><strong>indictione</strong></span> <span class='ocrx_word' id='word_1_98' title='bbox 1331 2004 1414 2076; x_wconf 77' lang='lat' dir='ltr'><strong>XV.</strong></span> 
     </span>
    </p>
   </div>
   <div class='ocr_carea' id='block_1_3' title="bbox 717 2295 1711 2314">
    <p class='ocr_par' dir='ltr' id='par_1_5' title="bbox 717 2295 1711 2314">
     <span class='ocr_line' id='line_1_13' title="bbox 717 2295 1711 2314; baseline -0.004 -2"><span class='ocrx_word' id='word_1_99' title='bbox 717 2295 1711 2314; x_wconf 42' lang='lat' dir='ltr'><strong>*fl—Q—-n--ffl-ffl———a—-m-o——mn——n—</strong></span> 
     </span>
    </p>
   </div>
   <div class='ocr_carea' id='block_1_4' title="bbox 379 2553 1917 2667">
    <p class='ocr_par' dir='ltr' id='par_1_6' title="bbox 379 2553 1917 2667">
     <span class='ocr_line' id='line_1_14' title="bbox 379 2553 1917 2667; baseline -0.003 -26"><span class='ocrx_word' id='word_1_100' title='bbox 379 2623 394 2665; x_wconf 53' lang='grc' dir='ltr'>ρ</span> <span class='ocrx_word' id='word_1_101' title='bbox 446 2571 458 2604; x_wconf 91' lang='grc'>·</span> <span class='ocrx_word' id='word_1_102' title='bbox 565 2555 778 2664; x_wconf 68' lang='lat' dir='ltr'><strong>fflnrsdns,</strong></span> <span class='ocrx_word' id='word_1_103' title='bbox 808 2558 852 2638; x_wconf 80' lang='lat' dir='ltr'><strong>in·</strong></span> <span class='ocrx_word' id='word_1_104' title='bbox 885 2557 1144 2640; x_wconf 82' lang='lat' dir='ltr'><strong>Romanorum</strong></span> <span class='ocrx_word' id='word_1_105' title='bbox 1176 2577 1306 2666; x_wconf 84' lang='lat' dir='ltr'><strong>regem</strong></span> <span class='ocrx_word' id='word_1_106' title='bbox 1331 2556 1486 2662; x_wconf 85' lang='lat' dir='ltr'><strong>electus,</strong></span> <span class='ocrx_word' id='word_1_107' title='bbox 1521 2553 1573 2640; x_wconf 83' lang='lat' dir='ltr'><strong>ad</strong></span> <span class='ocrx_word' id='word_1_108' title='bbox 1598 2579 1726 2666; x_wconf 84' lang='lat' dir='ltr'><strong>preces</strong></span> <span class='ocrx_word' id='word_1_109' title='bbox 1749 2557 1917 2667; x_wconf 88' lang='lat' dir='ltr'><strong>episcopi·</strong></span> 
     </span>
    </p>
   </div>
   <div class='ocr_carea' id='block_1_5' title="bbox 509 2683 1914 2934">
    <p class='ocr_par' dir='ltr' id='par_1_7' title="bbox 509 2683 1914 2934">
     <span class='ocr_line' id='line_1_15' title="bbox 510 2683 1914 2802; baseline 0.002 -31"><span class='ocrx_word' id='word_1_110' title='bbox 510 2683 816 2799; x_wconf 81' lang='lat' dir='ltr'><strong>Wormotieusis‚</strong></span> <span class='ocrx_word' id='word_1_111' title='bbox 855 2689 1000 2773; x_wconf 68' lang='lat' dir='ltr'><strong>civibus</strong></span> <span class='ocrx_word' id='word_1_112' title='bbox 1035 2687 1384 2774; x_wconf 65' lang='lat' dir='ltr'><strong>W’ormutiensihus‘</strong></span> <span class='ocrx_word' id='word_1_113' title='bbox 1409 2687 1588 2802; x_wconf 83' lang='lat' dir='ltr'><strong>indulget·</strong></span> <span class='ocrx_word' id='word_1_114' title='bbox 1618 2700 1661 2775; x_wconf 90' lang='lat' dir='ltr'><strong>ut</strong></span> <span class='ocrx_word' id='word_1_115' title='bbox 1691 2711 1715 2774; x_wconf 84' lang='lat' dir='ltr'><strong>o</strong></span> <span class='ocrx_word' id='word_1_116' title='bbox 1741 2687 1914 2774; x_wconf 80' lang='lat' dir='ltr'><strong>theloneo</strong></span> 
     </span>
     <span class='ocr_line' id='line_1_16' title="bbox 509 2821 1911 2934; baseline -0.002 -29"><span class='ocrx_word' id='word_1_117' title='bbox 509 2821 646 2934; x_wconf 86' lang='lat' dir='ltr'><strong>uugelt</strong></span> <span class='ocrx_word' id='word_1_118' title='bbox 667 2833 906 2931; x_wconf 84' lang='lat' dir='ltr'><strong>nuncupato,</strong></span> <span class='ocrx_word' id='word_1_119' title='bbox 930 2823 1037 2932; x_wconf 89' lang='lat' dir='ltr'><strong>quod</strong></span> <span class='ocrx_word' id='word_1_120' title='bbox 1060 2821 1163 2932; x_wconf 84' lang='lat' dir='ltr'><strong>opud</strong></span> <span class='ocrx_word' id='word_1_121' title='bbox 1182 2821 1419 2934; x_wconf 85' lang='lat' dir='ltr'><strong>Oppenheim</strong></span> <span class='ocrx_word' id='word_1_122' title='bbox 1446 2821 1496 2907; x_wconf 85' lang='lat' dir='ltr'><strong>ab</strong></span> <span class='ocrx_word' id='word_1_123' title='bbox 1523 2825 1578 2906; x_wconf 91' lang='lat' dir='ltr'><strong>eis</strong></span> <span class='ocrx_word' id='word_1_124' title='bbox 1603 2825 1643 2906; x_wconf 91' lang='lat' dir='ltr'><strong>in</strong></span> <span class='ocrx_word' id='word_1_125' title='bbox 1667 2822 1772 2906; x_wconf 78' lang='lat' dir='ltr'><strong>lieno</strong></span> <span class='ocrx_word' id='word_1_126' title='bbox 1798 2823 1911 2932; x_wconf 85' lang='lat' dir='ltr'><strong>recipi</strong></span> 
     </span>
    </p>
   </div>
   <div class='ocr_carea' id='block_1_6' title="bbox 510 2953 1177 3063">
    <p class='ocr_par' dir='ltr' id='par_1_8' title="bbox 510 2953 1177 3063">
     <span class='ocr_line' id='line_1_17' title="bbox 510 2953 1177 3063; baseline 0 -27"><span class='ocrx_word' id='word_1_127' title='bbox 510 2955 675 3063; x_wconf 83' lang='lat' dir='ltr'><strong>solebat,</strong></span> <span class='ocrx_word' id='word_1_128' title='bbox 696 2955 772 3038; x_wconf 86' lang='lat' dir='ltr'><strong>sint</strong></span> <span class='ocrx_word' id='word_1_129' title='bbox 789 2957 838 3039; x_wconf 87' lang='lat' dir='ltr'><strong>de</strong></span> <span class='ocrx_word' id='word_1_130' title='bbox 857 2965 981 3039; x_wconf 88' lang='lat' dir='ltr'><strong>cetero</strong></span> <span class='ocrx_word' id='word_1_131' title='bbox 1000 2953 1177 3038; x_wconf 81' lang='lat' dir='ltr'><strong>absoluti.</strong></span> 
     </span>
    </p>
   </div>
   <div class='ocr_carea' id='block_1_7' title="bbox 590 3169 1608 3250">
    <p class='ocr_par' dir='ltr' id='par_1_9' title="bbox 590 3169 1608 3250">
     <span class='ocr_line' id='line_1_18' title="bbox 590 3169 1608 3250; baseline 0.014 -19"><span class='ocrx_word' id='word_1_132' title='bbox 590 3169 1348 3250; x_wconf 61' lang='lat' dir='ltr'><strong>(.mn.ummrr0am=m..cme‚su,</strong></span> <span class='ocrx_word' id='word_1_133' title='bbox 1362 3183 1394 3248; x_wconf 73' lang='lat' dir='ltr'><strong>p.</strong></span> <span class='ocrx_word' id='word_1_134' title='bbox 1410 3177 1527 3243; x_wconf 70' lang='lat' dir='ltr'><strong>usu</strong></span> <span class='ocrx_word' id='word_1_135' title='bbox 1541 3169 1608 3248; x_wconf 74' lang='lat' dir='ltr'><strong>iol</strong></span> 
     </span>
    </p>
   </div>
   <div class='ocr_carea' id='block_1_8' title="bbox 502 3355 1917 4446">
    <p class='ocr_par' dir='ltr' id='par_1_10' title="bbox 502 3355 1917 4446">
     <span class='ocr_line' id='line_1_19' title="bbox 555 3355 1907 3456; baseline -0.001 -22"><span class='ocrx_word' id='word_1_136' title='bbox 555 3359 748 3450; x_wconf 86' lang='lat' dir='ltr'><strong>Comedus,</strong></span> <span class='ocrx_word' id='word_1_137' title='bbox 767 3361 839 3434; x_wconf 90' lang='lat' dir='ltr'><strong>divi</strong></span> <span class='ocrx_word' id='word_1_138' title='bbox 859 3361 997 3453; x_wconf 79' lang='lat' dir='ltr'><strong>augusti</strong></span> <span class='ocrx_word' id='word_1_139' title='bbox 1017 3355 1234 3456; x_wconf 88' lang='lat' dir='ltr'><strong>imperatoris</strong></span> <span class='ocrx_word' id='word_1_140' title='bbox 1254 3355 1418 3432; x_wconf 82' lang='lat' dir='ltr'><strong>Friderici</strong></span> <span class='ocrx_word' id='word_1_141' title='bbox 1438 3357 1547 3449; x_wconf 87' lang='lat' dir='ltr'><strong>filius,</strong></span> <span class='ocrx_word' id='word_1_142' title='bbox 1565 3359 1630 3432; x_wconf 91' lang='lat' dir='ltr'><strong>Dei</strong></span> <span class='ocrx_word' id='word_1_143' title='bbox 1649 3359 1760 3452; x_wconf 77' lang='lat' dir='ltr'><strong>gretia</strong></span> <span class='ocrx_word' id='word_1_144' title='bbox 1783 3361 1907 3450; x_wconf 80' lang='lat' dir='ltr'><strong>Romo·</strong></span> 
     </span>
     <span class='ocr_line' id='line_1_20' title="bbox 506 3483 1909 3580; baseline -0.001 -24"><span class='ocrx_word' id='word_1_145' title='bbox 506 3505 631 3556; x_wconf 92' lang='lat' dir='ltr'><strong>norum</strong></span> <span class='ocrx_word' id='word_1_146' title='bbox 647 3484 683 3554; x_wconf 92' lang='lat' dir='ltr'><strong>iu</strong></span> <span class='ocrx_word' id='word_1_147' title='bbox 700 3505 818 3576; x_wconf 80' lang='lat' dir='ltr'><strong>regem</strong></span> <span class='ocrx_word' id='word_1_148' title='bbox 835 3485 980 3572; x_wconf 89' lang='lat' dir='ltr'><strong>electus,</strong></span> <span class='ocrx_word' id='word_1_149' title='bbox 996 3505 1133 3580; x_wconf 90' lang='lat' dir='ltr'><strong>semper</strong></span> <span class='ocrx_word' id='word_1_150' title='bbox 1148 3493 1315 3576; x_wconf 80' lang='lat' dir='ltr'><strong>augustus</strong></span> <span class='ocrx_word' id='word_1_151' title='bbox 1333 3505 1375 3556; x_wconf 84' lang='lat' dir='ltr'><strong>ac</strong></span> <span class='ocrx_word' id='word_1_152' title='bbox 1387 3483 1488 3556; x_wconf 87' lang='lat' dir='ltr'><strong>heres</strong></span> <span class='ocrx_word' id='word_1_153' title='bbox 1503 3483 1603 3577; x_wconf 74' lang='lat' dir='ltr'><strong>regui</strong></span> <span class='ocrx_word' id='word_1_154' title='bbox 1613 3485 1818 3574; x_wconf 80' lang='lat' dir='ltr'><strong>Jerusalem,</strong></span> <span class='ocrx_word' id='word_1_155' title='bbox 1833 3484 1909 3555; x_wconf 93' lang='lat' dir='ltr'><strong>uni·</strong></span> 
     </span>
     <span class='ocr_line' id='line_1_21' title="bbox 506 3605 1907 3703; baseline -0.001 -23"><span class='ocrx_word' id='word_1_156' title='bbox 506 3608 616 3681; x_wconf 88' lang='lat' dir='ltr'><strong>versis</strong></span> <span class='ocrx_word' id='word_1_157' title='bbox 632 3609 770 3703; x_wconf 88' lang='lat' dir='ltr'><strong>imperii</strong></span> <span class='ocrx_word' id='word_1_158' title='bbox 785 3605 946 3681; x_wconf 88' lang='lat' dir='ltr'><strong>fidelibus</strong></span> <span class='ocrx_word' id='word_1_159' title='bbox 960 3619 1114 3681; x_wconf 89' lang='lat' dir='ltr'><strong>tenorem</strong></span> <span class='ocrx_word' id='word_1_160' title='bbox 1131 3610 1344 3703; x_wconf 89' lang='lat' dir='ltr'><strong>presentium</strong></span> <span class='ocrx_word' id='word_1_161' title='bbox 1365 3608 1626 3703; x_wconf 88' lang='lat' dir='ltr'><strong>inspicientibus</strong></span> <span class='ocrx_word' id='word_1_162' title='bbox 1639 3607 1791 3700; x_wconf 81' lang='lat' dir='ltr'><strong>greciam</strong></span> <span class='ocrx_word' id='word_1_163' title='bbox 1812 3629 1907 3680; x_wconf 84' lang='lat' dir='ltr'><strong>suam</strong></span> 
     </span>
     <span class='ocr_line' id='line_1_22' title="bbox 506 3731 1908 3826; baseline 0 -22"><span class='ocrx_word' id='word_1_164' title='bbox 506 3741 542 3805; x_wconf 92' lang='lat' dir='ltr'><strong>et</strong></span> <span class='ocrx_word' id='word_1_165' title='bbox 574 3754 677 3805; x_wconf 91' lang='lat' dir='ltr'><strong>omne</strong></span> <span class='ocrx_word' id='word_1_166' title='bbox 709 3733 854 3805; x_wconf 91' lang='lat' dir='ltr'><strong>bonum.</strong></span> <span class='ocrx_word' id='word_1_167' title='bbox 884 3732 939 3805; x_wconf 87' lang='lat' dir='ltr'><strong>Ad</strong></span> <span class='ocrx_word' id='word_1_168' title='bbox 965 3733 1207 3805; x_wconf 87' lang='lat' dir='ltr'><strong>universorum</strong></span> <span class='ocrx_word' id='word_1_169' title='bbox 1235 3732 1393 3804; x_wconf 81' lang='lat' dir='ltr'><strong>notitiam</strong></span> <span class='ocrx_word' id='word_1_170' title='bbox 1422 3733 1581 3804; x_wconf 89' lang='lat' dir='ltr'><strong>volumus</strong></span> <span class='ocrx_word' id='word_1_171' title='bbox 1606 3732 1789 3826; x_wconf 86' lang='lat' dir='ltr'><strong>pervenire</strong></span> <span class='ocrx_word' id='word_1_172' title='bbox 1814 3731 1908 3824; x_wconf 92' lang='lat' dir='ltr'><strong>quod</strong></span> 
     </span>
     <span class='ocr_line' id='line_1_23' title="bbox 504 3852 1907 3951; baseline 0 -23"><span class='ocrx_word' id='word_1_173' title='bbox 504 3857 733 3930; x_wconf 84' lang='lat' dir='ltr'><strong>attendentes</strong></span> <span class='ocrx_word' id='word_1_174' title='bbox 753 3855 887 3930; x_wconf 68' lang='lat' dir='ltr'><strong>devote</strong></span> <span class='ocrx_word' id='word_1_175' title='bbox 903 3856 1046 3928; x_wconf 78' lang='lat' dir='ltr'><strong>seruitio</strong></span> <span class='ocrx_word' id='word_1_176' title='bbox 1068 3856 1273 3928; x_wconf 81' lang='lat' dir='ltr'><strong>multotiens</strong></span> <span class='ocrx_word' id='word_1_177' title='bbox 1292 3856 1387 3951; x_wconf 78' lang='lat' dir='ltr'><strong>patrii</strong></span> <span class='ocrx_word' id='word_1_178' title='bbox 1406 3863 1532 3928; x_wconf 82' lang='lat' dir='ltr'><strong>nostro·</strong></span> <span class='ocrx_word' id='word_1_179' title='bbox 1552 3864 1588 3927; x_wconf 89' lang='lat' dir='ltr'><strong>et</strong></span> <span class='ocrx_word' id='word_1_180' title='bbox 1608 3855 1716 3926; x_wconf 82' lang='lat' dir='ltr'><strong>nobis</strong></span> <span class='ocrx_word' id='word_1_181' title='bbox 1728 3873 1799 3950; x_wconf 81' lang='lat' dir='ltr'><strong>pur·</strong></span> <span class='ocrx_word' id='word_1_182' title='bbox 1815 3852 1907 3928; x_wconf 79' lang='lat' dir='ltr'><strong>ciros</strong></span> 
     </span>
     <span class='ocr_line' id='line_1_24' title="bbox 503 3978 1917 4074; baseline -0.003 -20"><span class='ocrx_word' id='word_1_183' title='bbox 503 3981 781 4054; x_wconf 83' lang='lat' dir='ltr'><strong>lllormotisnsos</strong></span> <span class='ocrx_word' id='word_1_184' title='bbox 798 3979 918 4053; x_wconf 80' lang='lat' dir='ltr'><strong>fideles</strong></span> <span class='ocrx_word' id='word_1_185' title='bbox 942 3990 1081 4054; x_wconf 87' lang='lat' dir='ltr'><strong>nostros</strong></span> <span class='ocrx_word' id='word_1_186' title='bbox 1103 3979 1283 4069; x_wconf 66' lang='lat' dir='ltr'><strong>exhibite,</strong></span> <span class='ocrx_word' id='word_1_187' title='bbox 1305 3979 1440 4052; x_wconf 82' lang='lat' dir='ltr'><strong>eisdem</strong></span> <span class='ocrx_word' id='word_1_188' title='bbox 1462 3979 1603 4051; x_wconf 74' lang='lat' dir='ltr'><strong>cirillus.</strong></span> <span class='ocrx_word' id='word_1_189' title='bbox 1622 3979 1670 4051; x_wconf 89' lang='lat' dir='ltr'><strong>de</strong></span> <span class='ocrx_word' id='word_1_190' title='bbox 1693 3978 1917 4074; x_wconf 74' lang='lat' dir='ltr'><strong>pleniorum</strong></span> 
     </span>
     <span class='ocr_line' id='line_1_25' title="bbox 503 4101 1911 4198; baseline -0.004 -21"><span class='ocrx_word' id='word_1_191' title='bbox 503 4104 638 4177; x_wconf 88' lang='lat' dir='ltr'><strong>consilii</strong></span> <span class='ocrx_word' id='word_1_192' title='bbox 659 4104 787 4193; x_wconf 88' lang='lat' dir='ltr'><strong>nostri,</strong></span> <span class='ocrx_word' id='word_1_193' title='bbox 810 4103 856 4174; x_wconf 85' lang='lat' dir='ltr'><strong>ad</strong></span> <span class='ocrx_word' id='word_1_194' title='bbox 873 4124 994 4198; x_wconf 89' lang='lat' dir='ltr'><strong>preces</strong></span> <span class='ocrx_word' id='word_1_195' title='bbox 1013 4103 1222 4176; x_wconf 79' lang='lat' dir='ltr'><strong>venerabilis</strong></span> <span class='ocrx_word' id='word_1_196' title='bbox 1237 4101 1401 4197; x_wconf 86' lang='lat' dir='ltr'><strong>principis</strong></span> <span class='ocrx_word' id='word_1_197' title='bbox 1416 4102 1454 4174; x_wconf 93' lang='lat' dir='ltr'><strong>L.</strong></span> <span class='ocrx_word' id='word_1_198' title='bbox 1474 4101 1737 4173; x_wconf 82' lang='lat' dir='ltr'><strong>wormatiensis</strong></span> <span class='ocrx_word' id='word_1_199' title='bbox 1755 4101 1911 4196; x_wconf 87' lang='lat' dir='ltr'><strong>episcopi·</strong></span> 
     </span>
     <span class='ocr_line' id='line_1_26' title="bbox 502 4223 1904 4321; baseline -0.003 -21"><span class='ocrx_word' id='word_1_200' title='bbox 502 4227 617 4300; x_wconf 87' lang='lat' dir='ltr'><strong>fidelis</strong></span> <span class='ocrx_word' id='word_1_201' title='bbox 639 4227 764 4317; x_wconf 86' lang='lat' dir='ltr'><strong>nostri,</strong></span> <span class='ocrx_word' id='word_1_202' title='bbox 782 4228 826 4299; x_wconf 88' lang='lat' dir='ltr'><strong>de</strong></span> <span class='ocrx_word' id='word_1_203' title='bbox 847 4226 987 4321; x_wconf 83' lang='lat' dir='ltr'><strong>speciali</strong></span> <span class='ocrx_word' id='word_1_204' title='bbox 1004 4227 1123 4299; x_wconf 82' lang='lat' dir='ltr'><strong>favore</strong></span> <span class='ocrx_word' id='word_1_205' title='bbox 1148 4237 1264 4298; x_wconf 91' lang='lat' dir='ltr'><strong>uoslre</strong></span> <span class='ocrx_word' id='word_1_206' title='bbox 1287 4226 1403 4318; x_wconf 80' lang='lat' dir='ltr'><strong>grecie</strong></span> <span class='ocrx_word' id='word_1_207' title='bbox 1428 4223 1648 4317; x_wconf 81' lang='lat' dir='ltr'><strong>indulgemus</strong></span> <span class='ocrx_word' id='word_1_208' title='bbox 1665 4234 1705 4296; x_wconf 91' lang='lat' dir='ltr'><strong>ut</strong></span> <span class='ocrx_word' id='word_1_209' title='bbox 1722 4225 1790 4320; x_wconf 92' lang='lat' dir='ltr'><strong>ipsi</strong></span> <span class='ocrx_word' id='word_1_210' title='bbox 1811 4224 1904 4296; x_wconf 87' lang='lat' dir='ltr'><strong>cives</strong></span> 
     </span>
     <span class='ocr_line' id='line_1_27' title="bbox 502 4341 1904 4446; baseline -0.003 -22"><span class='ocrx_word' id='word_1_211' title='bbox 502 4352 773 4424; x_wconf 81' lang='lat' dir='ltr'><strong>wormatienses</strong></span> <span class='ocrx_word' id='word_1_212' title='bbox 795 4373 817 4423; x_wconf 84' lang='lat' dir='ltr'>a</span> <span class='ocrx_word' id='word_1_213' title='bbox 842 4350 1004 4423; x_wconf 89' lang='lat' dir='ltr'><strong>theloneo</strong></span> <span class='ocrx_word' id='word_1_214' title='bbox 1028 4361 1228 4446; x_wconf 83' lang='lat' dir='ltr'><strong>nuncupato</strong></span> <span class='ocrx_word' id='word_1_215' title='bbox 1251 4348 1446 4443; x_wconf 60' lang='lat' dir='ltr'><strong>vulgariter</strong></span> <span class='ocrx_word' id='word_1_216' title='bbox 1462 4347 1577 4442; x_wconf 77' lang='lat' dir='ltr'><strong>unpclt</strong></span> <span class='ocrx_word' id='word_1_217' title='bbox 1600 4349 1696 4444; x_wconf 88' lang='lat' dir='ltr'><strong>quod</strong></span> <span class='ocrx_word' id='word_1_218' title='bbox 1720 4341 1819 4444; x_wconf 85' lang='lat' dir='ltr'><strong>npud&#39;</strong></span> <span class='ocrx_word' id='word_1_219' title='bbox 1835 4349 1904 4444; x_wconf 90' lang='lat' dir='ltr'><strong>Op-</strong></span> 
     </span>
    </p>
   </div>
   <div class='ocr_carea' id='block_1_9' title="bbox 500 4649 1901 4833">
    <p class='ocr_par' dir='ltr' id='par_1_11' title="bbox 500 4649 1901 4833">
     <span class='ocr_line' id='line_1_28' title="bbox 537 4649 1901 4733; baseline -0.004 -15"><span class='ocrx_word' id='word_1_220' title='bbox 537 4661 581 4733; x_wconf 75' lang='lat' dir='ltr'><strong>lll&#39;</strong></span> <span class='ocrx_word' id='word_1_221' title='bbox 594 4659 679 4718; x_wconf 76' lang='lat' dir='ltr'><strong>Adest</strong></span> <span class='ocrx_word' id='word_1_222' title='bbox 703 4660 821 4719; x_wconf 79' lang='lat' dir='ltr'><strong>alterum</strong></span> <span class='ocrx_word' id='word_1_223' title='bbox 839 4657 962 4732; x_wconf 76' lang='lat' dir='ltr'><strong>ejusdem</strong></span> <span class='ocrx_word' id='word_1_224' title='bbox 981 4657 1057 4732; x_wconf 81' lang='lat' dir='ltr'><strong>quasi</strong></span> <span class='ocrx_word' id='word_1_225' title='bbox 1077 4657 1183 4716; x_wconf 59' lang='lat' dir='ltr'><strong>tenoris*</strong></span> <span class='ocrx_word' id='word_1_226' title='bbox 1194 4669 1248 4732; x_wconf 84' lang='lat' dir='ltr'><strong>pro·</strong></span> <span class='ocrx_word' id='word_1_227' title='bbox 1263 4651 1367 4715; x_wconf 84' lang='lat' dir='ltr'><strong>cl&#39;villus</strong></span> <span class='ocrx_word' id='word_1_228' title='bbox 1386 4649 1584 4714; x_wconf 61' lang='lat' dir='ltr'><strong>[indecentibus</strong></span> <span class='ocrx_word' id='word_1_229' title='bbox 1608 4651 1791 4731; x_wconf 65' lang='lat' dir='ltr'><strong>purileglum</strong></span> <span class='ocrx_word' id='word_1_230' title='bbox 1810 4655 1901 4712; x_wconf 80' lang='lat' dir='ltr'><strong>dutum</strong></span> 
     </span>
     <span class='ocr_line' id='line_1_29' title="bbox 500 4749 1691 4833; baseline -0.008 -16"><span class='ocrx_word' id='word_1_231' title='bbox 500 4756 973 4833; x_wconf 49' lang='lat' dir='ltr'><strong>Bngeooweptdjuliipiudlomltll,</strong></span> <span class='ocrx_word' id='word_1_232' title='bbox 988 4771 1039 4831; x_wconf 53' lang='lat' dir='ltr'><strong>eps</strong></span> <span class='ocrx_word' id='word_1_233' title='bbox 1052 4753 1263 4814; x_wconf 69' lang='lat' dir='ltr'><strong>uuummtud</strong></span> <span class='ocrx_word' id='word_1_234' title='bbox 1276 4755 1326 4813; x_wconf 81' lang='lat' dir='ltr'><strong>der</strong></span> <span class='ocrx_word' id='word_1_235' title='bbox 1335 4749 1582 4825; x_wconf 49' lang='lat' dir='ltr'><strong>Stla&#39;tteeltsttl,</strong></span> <span class='ocrx_word' id='word_1_236' title='bbox 1595 4755 1691 4827; x_wconf 52' lang='lat' dir='ltr'><strong>pult.-</strong></span> 
     </span>
    </p>
   </div>
   <div class='ocr_carea' id='block_1_10' title="bbox 0 0 2154 5916">
    <p class='ocr_par' dir='ltr' id='par_1_12' title="bbox 0 0 2154 5916">
     <span class='ocr_line' id='line_1_30' title="bbox 0 0 2154 5916; baseline 0 3"><span class='ocrx_word' id='word_1_237' title='bbox 0 0 2154 5916; x_wconf 95' lang='lat' dir='ltr'><strong> </strong></span> 
     </span>
    </p>
   </div>
  </div>
 </body>
</html>
