4300 5916
487 525 549 587 866
1015 523 1200 586 cuntant
1225 525 1378 600 Queat!
1706 525 1789 610 [aar.
1808 527 1894 590 late.

488 660 569 732 dem
586 657 639 755 (l)
661 669 697 731 et
712 680 816 734 omne
823 660 884 752 jus
898 659 993 752 quod
1007 658 1114 730 habet
1125 659 1269 751 ibidem,
1287 659 1476 752 resignabit
1489 659 1691 754 simpliciter
1704 670 1740 732 et
1751 663 1896 754 precise,

490 793 526 855 et
541 783 635 855 omui
646 782 826 855 hostilitati
843 792 878 854 et
887 782 1014 854 actioni
1029 803 1117 877 quas
1130 782 1236 854 habet
1244 783 1412 855 adversus
1423 783 1647 874 landolfum,
1663 784 1899 856 venerabilem

489 909 691 1002 episcopum
700 907 1006 996 warmaciensem,
1023 907 1215 1002 principem
1226 918 1400 995 nostrum,
1418 917 1453 978 et
1463 907 1645 980 eeclesiam
1661 909 1898 980 Warmacien·

489 1049 564 1104 sem
590 1041 626 1102 et
645 1029 904 1102 universitatem
924 1031 1080 1123 ejusdem
1100 1030 1248 1103 civitatis
1264 1030 1482 1102 renunciabit
1496 1031 1653 1103 omnino.
1679 1031 1765 1102 ltem
1786 1031 1899 1104 dictus

489 1154 700 1227 camerarius
719 1154 851 1246 jurabit
869 1174 948 1224 cnm
969 1154 1049 1226 xlx
1067 1155 1144 1225 aliis
1165 1154 1331 1225 militibus
1347 1154 1443 1246 quod
1459 1155 1533 1248 ipse
1547 1165 1583 1226 et
1597 1176 1719 1226 omnes
1731 1155 1834 1226 amici
1847 1155 1901 1227 eui

491 1300 579 1372 quos
590 1279 655 1350 ista
670 1276 781 1369 tetigit
790 1276 977 1362 discordia,
998 1278 1092 1349 omni
1107 1298 1252 1349 rancore
1268 1286 1304 1349 et
1318 1277 1502 1349 inimicicia
1515 1288 1636 1350 oonua
1650 1277 1812 1349 eumdem
1827 1279 1901 1373 epi·

491 1423 634 1497 scopum
656 1412 691 1472 et
716 1400 858 1472 eosdem
882 1400 976 1471 cives
1000 1400 1170 1490 dimissis,
1199 1400 1365 1496 deinceps
1382 1421 1503 1473 eorum
1517 1410 1619 1472 erunt
1634 1401 1736 1472 amici
1754 1412 1791 1472 et
1805 1403 1900 1494 quod

490 1527 619 1596 lactum
636 1535 690 1595 est
702 1545 881 1617 nunquam
897 1522 1124 1594 vindicabunt
1137 1545 1203 1594 nec
1217 1523 1386 1596 vindicari
1402 1525 1653 1619 procurabunt:
1670 1523 1730 1595 tali
1740 1524 1901 1597 videlicet

492 1646 696 1720 condicione
719 1646 858 1738 adjecta
885 1646 980 1739 quod
1003 1647 1032 1718 si
1056 1646 1102 1717 ab
1125 1646 1242 1739 aliqua
1267 1647 1417 1741 partium
1439 1648 1624 1721 concordia
1647 1647 1723 1741 ipsa
1748 1649 1900 1720 extiterit

493 1780 623 1842 temere
643 1771 785 1857 violata,
815 1791 878 1864 per
898 1771 1063 1842 Karolum
1076 1771 1121 1844 de
1136 1769 1364 1862 Kidenheim,
1379 1771 1579 1843 Heinricnm
1593 1771 1637 1844 de
1651 1771 1901 1866 Hepheinheim

493 1906 529 1967 et
550 1893 738 1990 Symonem
758 1895 802 1966 de
831 1894 1037 1984 Guntheim,
1059 1915 1106 1966 ex
1126 1905 1225 1988 parte
1237 1895 1345 1989 ipsius
1361 1895 1532 1992 Philippi,
1550 1904 1586 1967 et
1600 1896 1901 1990 perWollramum

493 2017 655 2108 militem,
686 2017 882 2090 Cunradum
911 2017 1100 2089 Thirollum
1122 2030 1157 2089 et
1176 2017 1417 2090 Eberhardum
1438 2019 1475 2090 in
1499 2020 1577 2092 vico
1597 2021 1708 2107 lane,
1723 2040 1787 2112 pro
1803 2029 1900 2112 parte

494 2141 622 2212 civium
645 2141 957 2214 Wormaciensium
979 2143 1130 2232 electos,
1157 2153 1192 2214 et
1222 2143 1398 2214 mediante
1427 2141 1659 2236 blarquardo,
1694 2143 1840 2213 sculteto
1856 2141 1900 2212 de

494 2265 725 2359 oppenheim,
753 2263 846 2338 fideli
873 2277 1009 2356 nostro,
1027 2267 1087 2360 qui
1109 2266 1154 2339 ad
1168 2266 1234 2338 hoc
1248 2267 1294 2338 ab
1310 2275 1458 2359 utraque
1474 2277 1573 2362 perte
1587 2265 1757 2338 mediator
1772 2266 1900 2338 electus

495 2397 548 2460 est
573 2398 609 2458 el
633 2388 804 2481 provisor,
826 2388 938 2460 videri
952 2390 1056 2461 debet
1071 2411 1112 2460 ac
1128 2389 1265 2484 plenius
1280 2388 1429 2462 discerni
1444 2389 1494 2460 rei
1509 2384 1638 2460 veritae
1650 2388 1696 2460 de
1711 2387 1901 2459 violacione

494 2510 602 2606 ipsius
616 2511 812 2584 concordie.
841 2513 884 2584 Et
904 2513 933 2584 si
953 2506 1118 2607 exparte
1141 2514 1248 2608 ipsius
1264 2511 1425 2608 Phylippi
1445 2512 1566 2584 eadem
1581 2511 1767 2584 cuncordia
1780 2511 1900 2581 infrin-

494 2644 610 2728 getur,
634 2635 728 2708 idem
751 2635 941 2731 Phylippus
957 2646 993 2707 et
1008 2637 1066 2707 alii
1081 2636 1162 2707 XIX
1176 2636 1319 2731 predicti
1336 2636 1464 2708 milites
1479 2657 1598 2707 secum
1608 2635 1713 2726 jurati
1727 2633 1902 2706 civitatem

495 2759 788 2830 wormaciensem
809 2759 1008 2850 intrahunt,
1036 2760 1117 2832 inde
1142 2781 1213 2831 non
1234 2758 1402 2830 recessuri
1416 2758 1528 2831 donec
1541 2778 1621 2853 pars
1632 2757 1740 2852 ipsius
1756 2756 1902 2828 civitatis

496 2882 639 2976 recipiat
663 2883 708 2954 de
732 2882 897 2954 violentia
914 2883 1098 2956 concordie
1114 2883 1381 2954 satislactionem
1401 2881 1554 2953 debitam
1570 2892 1606 2952 et
1620 2879 1849 2971 condignam3
1868 2890 1903 2949 et

496 3006 525 3075 si
541 3006 628 3076 forte
644 3005 737 3077 idem
753 3007 986 3102 Phylippuset
997 3028 1114 3078 secum
1121 3005 1228 3097 jurati
1235 3003 1423 3099 juramenti
1432 3003 1484 3076 sui
1493 3001 1603 3100 (qnod
1611 3001 1715 3098 absit)
1729 2999 1903 3075 voluerint

496 3128 552 3198 vel
573 3130 845 3223 presumpserint
871 3132 945 3202 fore
966 3130 1208 3219 immemores,
1230 3128 1437 3224 promissam
1452 3136 1488 3198 et
1502 3137 1666 3199 statutam
1683 3125 1902 3198 concordiam

496 3251 637 3322 minime
653 3252 895 3341 observantes,
915 3252 1035 3323 haberi
1052 3253 1182 3324 debent
1194 3273 1235 3324 ao
1250 3251 1386 3346 publice
1402 3250 1471 3323 dici
1484 3271 1630 3345 persone
1639 3249 1797 3338 insamae,
1808 3249 1901 3320 omni

496 3374 620 3446 robore
647 3373 728 3447 fidei
749 3386 785 3448 et
805 3377 947 3448 honoris
968 3387 1143 3466 carentes;
1173 3376 1418 3448 nichilominus
1441 3374 1586 3470 predicti
1602 3374 1696 3446 cives
1715 3373 1760 3444 ab
1781 3393 1901 3444 eorum

496 3499 653 3593 personis
675 3509 711 3571 et
734 3501 838 3571 rebus
866 3500 1013 3572 liberum
1042 3499 1221 3571 habebunt
1242 3499 1421 3571 arbitrium
1451 3497 1718 3570 satisfactionem
1750 3495 1903 3568 debilem

497 3621 689 3716 repetendi.
723 3623 873 3694 Nomina
897 3634 1013 3694 autem
1036 3622 1227 3714 jurantium
1253 3622 1354 3693 simul
1381 3643 1460 3694 cum
1493 3621 1679 3716 Phylippo,
1714 3621 1903 3692 camerario

495 3744 665 3841 predicto,
687 3743 753 3816 hec
766 3755 866 3816 sunt:
886 3741 1119 3837 Kralt0,lilius
1132 3743 1384 3835 Embrichonie,
1396 3745 1603 3817 ludewicus
1612 3744 1656 3817 de
1667 3743 1901 3831 Richenstein,

495 3868 731 3960 Wernherus,
751 3869 950 3960 heinricus,
974 3872 1143 3960 loannes,
1170 3871 1293 3940 lratres
1315 3869 1399 3941 dicti
1412 3868 1699 3956 Vulleschirzele,
1717 3864 1844 3938 Wolfin
1858 3864 1903 3937 de

496 3991 733 4084 Snabesberg,
759 3993 909 4065 lacobus
932 3989 1023 4063 filius
1036 3993 1131 4086 Rape
1151 3993 1196 4064 de
1222 3992 1356 4083 Alzeia,
1382 3991 1597 4064 Dieterichus
1612 3987 1900 4078 dellnsintheim,

495 4116 643 4188 lacobus
670 4116 714 4187 de
739 4116 954 4208 Dagisheim,
972 4116 1190 4188 hermannus
1204 4115 1248 4186 de
1265 4114 1492 4205 Fleresheim,
1507 4114 1687 4187 Cunrudus
1703 4112 1748 4184 de
1758 4111 1902 4207 Epelns-

496 4237 609 4328 heim,
632 4240 780 4311 Karolus
802 4241 847 4312 de
872 4239 1096 4329 Kidenheim,
1114 4239 1294 4312 Heinricus
1311 4240 1356 4311 de
1368 4237 1623 4334 Eppilnsheim,
1639 4235 1845 4309 Ludeuvicns
1858 4233 1902 4306 de

496 4363 734 4451 Valcenstein,
759 4363 876 4435 Simon
902 4363 946 4436 de
968 4362 1171 4452 Guntheim,
1194 4363 1380 4435 Durinhart
1406 4362 1451 4434 de
1476 4361 1706 4450 Westhoven,
1734 4360 1829 4432 Cnno
1856 4357 1900 4428 de

507 4531 1900 4556 *unffi-W

535 4629 571 4703 (l)
588 4627 617 4687 ld
631 4636 673 4688 est
683 4629 774 4702 Staio,
788 4630 864 4688 locus
876 4643 973 4688 verene
985 4627 1194 4703 septentrionem
1205 4626 1373 4686 wormatiae
1385 4625 1462 4684 dms.
