4352 5940
217 621 318 682 rme.
333 615 380 700 e]
661 608 858 676 ursrorra
882 609 1179 677 urruouarrca
1567 609 1628 674 sce

219 754 383 850 expensis
403 753 497 826 ultra
517 749 641 844 viginti
666 749 795 824 solidos
812 747 1033 823 Ravennates
1051 752 1108 823 vel
1126 748 1352 822 Anconenses
1373 748 1509 822 solvere
1530 749 1628 822 nullo

218 879 324 953 tuedo
340 887 541 966 tencantur,
555 884 728 970 potestate
744 875 802 948 vel
818 873 974 968 quolibet
995 875 1064 948 alio
1084 874 1146 968 qui
1161 884 1282 948 contra
1305 895 1447 970 presens
1462 883 1629 946 statutum

217 1011 377 1078 nostram
394 999 515 1075 venire
527 999 777 1095 presumpserit
788 998 1062 1092 indignationem
1075 999 1185 1071 nostri
1200 998 1360 1071 culminis
1374 998 1569 1072 incursuro.

266 1127 395 1200 Datum
408 1125 445 1197 in
461 1123 583 1197 castris
597 1123 634 1195 in
650 1122 831 1196 obsidione
845 1123 979 1214 Parme,
996 1123 1044 1194 lX
1058 1122 1278 1218 septembris,
1293 1121 1337 1194 vl
1350 1122 1553 1194 indictione.

267 1249 340 1322 llec
355 1249 469 1321 littera
484 1249 587 1338 lecta,
601 1246 770 1317 ascoltate
781 1255 817 1317 et
828 1247 1026 1341 exemplata
1039 1245 1105 1318 fuit
1116 1245 1152 1316 in
1164 1245 1338 1341 presentia
1354 1243 1485 1318 domini
1503 1245 1631 1318 Zelocti

216 1371 345 1466 judicis
370 1371 565 1445 communis
592 1368 752 1461 Auximi,
772 1369 920 1442 Victoris
944 1367 1196 1460 bartholomei,
1215 1368 1292 1442 Ade
1307 1367 1445 1456 Jacobi,
1464 1366 1632 1463 Stephani

220 1495 369 1592 Philippi
391 1493 582 1584 Amerini,
602 1492 743 1566 Andree
769 1491 994 1584 Marchesini,
1014 1491 1155 1565 Matthei
1178 1491 1325 1581 notarii,
1344 1491 1475 1564 Thome
1498 1491 1631 1565 Alberti

222 1619 348 1693 notarii
364 1627 401 1690 et
416 1615 576 1690 lininaldi
589 1615 709 1688 Jacobi
725 1615 869 1706 notarii,
889 1615 926 1686 in
943 1615 1072 1711 palatio
1087 1615 1281 1687 communis
1297 1613 1442 1711 prefati,
1457 1614 1524 1686 sub
1538 1633 1632 1688 anno

224 1741 355 1817 domini
365 1741 412 1815 Μ.
421 1735 664 1838 ce.[x]t.vt1,
676 1738 733 1810 die
744 1737 806 1810 XV
817 1736 968 1809 intrante
980 1723 1098 1811 mense
1111 1735 1630 1836 novembris,Vindictione(c),

227 1877 380 1962 tempore
397 1863 528 1938 domini
544 1862 697 1936 Federici
712 1864 946 1936 Romanorum
961 1860 1190 1959 imperatoris.

278 2402 515 2509 fridericus,
549 2401 808 2485 Romanorum
844 2401 1069 2510 imperator,
1106 2402 1312 2514 capitaneis
1348 2403 1455 2516 regni
1486 2403 1635 2489 Siciliae

228 2533 357 2618 scribit
373 2535 422 2620 de
439 2533 611 2644 captione
627 2532 802 2640 Bresclli,
822 2535 1049 2644 nuntiatque
1068 2536 1162 2618 dum
1180 2535 1384 2618 cardinalis
1404 2537 1635 2622 Octavianus

227 2668 293 2778 qui
324 2669 375 2751 ad
404 2692 628 2750 succursum
655 2665 814 2748 Parmae
839 2667 1042 2750 advenerat
1073 2677 1161 2750 vcta
1187 2667 1432 2752 obsessorum
1468 2669 1635 2754 frustra-

226 2800 340 2908 verit,
359 2802 408 2883 de
419 2800 531 2884 celeri
548 2798 655 2883 urbis
673 2798 863 2884 deditione
880 2825 958 2883 non
976 2823 1059 2882 esse
1075 2797 1346 2884 dubitandum.

308 3015 404 3094 (Edit.
425 3031 474 3092 ep.
497 3013 582 3074 Petri
602 3011 638 3074 de
657 3013 724 3073 Vin.
745 3013 844 3092 epist,
859 3013 910 3072 tlb.
926 3011 972 3087 ll,
992 3029 1059 3089 cap.
1081 3011 1241 3090 xxxvm
1261 3014 1329 3074 coll.
1349 3029 1418 3075 cum
1440 3017 1531 3077 verlls
1551 3015 1635 3078 eccll·

346 3121 444 3199 cibus,
457 3123 613 3199 praecipue
626 3123 657 3182 ln
671 3119 749 3181 lllbl.
764 3125 863 3182 casm.
879 3121 987 3197 Perta,
993 3117 1086 3199 sende
1097 3119 1304 3198 Noae-name,
1319 3130 1354 3180 n·
1369 3119 1453 3201 202.)

275 3311 367 3382 Dum
384 3307 519 3405 imperii
540 3306 648 3381 nostri
669 3308 794 3402 pelago
815 3307 1014 3400 navigando
1036 3307 1182 3380 feliciter
1204 3307 1389 3400 longevum
1412 3308 1509 3402 regni
1525 3311 1635 3383 nostri

227 3431 429 3506 fidelitatem
443 3431 669 3522 advertimus,
686 3431 770 3503 dum
786 3431 907 3503 sedula
923 3451 1118 3524 magnaque
1134 3441 1249 3502 vestra
1265 3440 1301 3503 et
1315 3430 1462 3504 aliorum
1478 3432 1635 3525 ejusdem

225 3558 325 3652 regni
348 3557 487 3630 servitia
509 3555 798 3651 contemplamur,
813 3554 904 3626 inter
924 3554 1042 3649 quiete
1062 3555 1159 3650 pacis
1182 3564 1298 3627 nostre
1318 3554 1478 3648 delicias,
1493 3578 1580 3650 quas
1598 3557 1635 3630 in

227 3679 439 3755 hereditario
457 3699 564 3772 regno
586 3687 704 3751 nostre
726 3677 841 3750 Sicilie
864 3677 1004 3774 proprio
1025 3678 1142 3750 labore
1159 3677 1390 3771 quesivimus,
1409 3689 1445 3752 et
1466 3679 1583 3752 adhuc
1598 3680 1634 3753 iu

227 3805 334 3902 ipsius
348 3802 612 3878 conservatione
626 3800 860 3898 persistimus,
878 3801 1034 3874 debitum
1054 3800 1153 3874 vobis
1174 3801 1433 3896 quodammodo
1449 3804 1632 3896 solvimus,

223 3928 312 4002 ,dum
339 3927 539 4000 felicitatem
566 3925 675 3999 nostri
706 3924 865 3998 culminis
894 3925 1114 3996 nunciamus.
1143 3926 1224 3997 Post
1250 3926 1458 4021 descriptam
1484 3927 1634 4020 denique

227 4053 328 4126 vobis
340 4049 555 4125 obsidionem
570 4050 790 4122 Parmensem
804 4070 868 4145 per
880 4049 967 4122 alios
982 4048 1090 4122 nostri
1104 4049 1263 4120 culminis
1277 4050 1405 4145 apices,
1422 4071 1463 4122 ac
1481 4051 1635 4122 debella·

229 4175 359 4249 tionem
371 4185 407 4248 et
419 4173 615 4270 captionem
628 4173 782 4270 ipsorum
801 4173 837 4244 in
859 4193 930 4244 non
944 4172 1081 4244 medica
1094 4172 1300 4268 quantitate,
1315 4174 1508 4269 preteralia
1523 4184 1635 4246 castra

223 4301 352 4374 ‚etloca
365 4319 471 4392 quam
487 4297 636 4394 plurima
651 4297 860 4393 permunita,
872 4299 942 4392 'per
954 4296 1119 4368 dilectum
1135 4293 1244 4368 filium
1260 4307 1417 4368 nostrum
1433 4298 1633 4391 Henricum,

228 4423 398 4498 illustrem
411 4444 529 4515 regem
542 4421 700 4494 Sardinia
720 4432 757 4494 ct
773 4421 860 4494 sacri
879 4420 1013 4515 imperii
1030 4420 1069 4491 in
1084 4420 1181 4492 ltalia
1195 4421 1393 4512 generalem
1409 4422 1580 4514 legatum,
1601 4432 1637 4496 et

227 4547 407 4621 Ezelinum
427 4547 472 4618 de
487 4548 642 4619 Romano
664 4545 829 4618 dilectum
848 4543 986 4618 fidelem
1003 4555 1178 4634 nostrum,
1196 4544 1257 4637 qui
1272 4545 1428 4640 predicta
1444 4546 1480 4617 in
1496 4547 1636 4620 nomine

272 4723 314 4803 (a)
335 4723 372 4785 ra
384 4718 619 4804 semiusto
631 4721 766 4783 numo.

1685 2405 1817 2467 [ambri

1695 2467 1807 2524 uenam]
