4318 5904
525 643 590 708 944
1072 643 1387 711 scultellam

527 779 1342 877 danxaragapotestatellononieetdomino
1365 783 1558 859 Themin
1579 785 1625 860 de
1649 788 1760 862 l'amli
1784 789 1936 866 Sichona

527 903 605 996 ejus
612 905 733 996 judice
750 905 963 976 insmuatum
975 903 1157 998 legittime,
1177 915 1214 976 et
1228 927 1291 1001 per
1301 927 1360 978 me
1373 908 1632 982 hmbsrtinum
1647 912 1820 988 Gmlandi
1832 927 1935 990 nou·

528 1029 619 1100 rium
634 1027 891 1124 infrascriptum
909 1038 946 1101 et
961 1029 1047 1102 alios
1066 1027 1215 1124 scriptos
1233 1029 1388 1103 notarios
1401 1031 1450 1105 ad
1462 1033 1632 1127 originale
1643 1046 1683 1108 et
1694 1037 1935 1116 antlsmtimm

526 1173 630 1224 sunm
651 1152 836 1246 diligenter
860 1162 897 1223 et
917 1153 1118 1226 solemniter
1139 1154 1271 1226 lectum
1296 1165 1334 1226 et
1351 1156 1562 1230 ascultatnm
1583 1167 1620 1232 et
1635 1161 1738 1256 plens
1761 1183 1844 1236 enm
1856 1165 1935 1262 ipso

527 1277 687 1370 originali
704 1297 768 1372 per
781 1277 898 1348 omnia
914 1275 1126 1350 concordare
1144 1276 1342 1370 inventum,
1358 1289 1445 1372 ete,
1461 1289 1530 1354 etc.

331 1843 486 1945 ,πώ
579 1833 813 1944 fridericus,
852 1835 1113 1922 Romanorum
1154 1837 1381 1948 imperator,
1416 1837 1468 1920 ad
1508 1837 1731 1920 instantiam
1764 1837 1929 1950 Phssippi

524 1967 555 2051 F
554 1969 774 2052 mrariensis
788 1967 972 2078 episcopi,
993 1968 1226 2052 abbatemet
1247 1979 1477 2054 conuentum
1499 1970 1627 2054 Sancti
1650 1970 1930 2055 Bartholomaei

524 2113 632 2186 cutm
653 2126 785 2184 muros
808 2101 1000 2184 Ferrariae
1017 2101 1091 2185 sub
1117 2128 1188 2186 sua
1213 2103 1444 2213 protectione
1456 2103 1602 2214 recipit,
1624 2104 1754 2216 eisque
1771 2103 1929 2214 priuile-

524 2234 633 2346 gium
661 2234 857 2344 quondam
880 2260 905 2318 a
930 2234 1120 2320 ludovico
1145 2235 1180 2320 ll
1204 2235 1494 2344 praedecessore
1515 2261 1587 2322 suc
1612 2235 1806 2320 indultum
1831 2261 1928 2322 oon·

523 2365 666 2449 firmat.

603 2609 701 2690 (ltdlt.
719 2625 770 2688 sp.
783 2609 938 2690 usnam,
951 2605 1021 2672 Ital.
1035 2615 1173 2692 mu
1189 2610 1235 2685 ll,
1248 2627 1281 2688 p.
1302 2618 1372 2672 trs.
1388 2611 1489 2672 Tener
1500 2609 1635 2684 chartac,
1655 2627 1750 2690 quum
1766 2617 1875 2692 agatur
1889 2611 1927 2676 dc

642 2716 779 2794 Phlllppo
795 2717 973 2778 Ferrarlsnsl
992 2719 1130 2794 eplsccpo
1142 2717 1175 2776 ln
1192 2716 1376 2778 Frldcrlcnm
1393 2717 1600 2796 lmperstorcm
1616 2717 1832 2794 lulenslsslmc,
1846 2719 1927 2782 lours

640 2821 702 2884 dutl
717 2821 888 2884 documenti
899 2829 930 2882 et
943 2837 1053 2884 nomen
1069 2823 1157 2900 prlml
1172 2825 1256 2883 testis
1267 2821 1325 2884 hos
1333 2822 1544 2884 documentum
1557 2825 1708 2903 spurium,
1717 2825 1812 2885 lmosl
1824 2823 1871 2886 lu
1882 2831 1927 2887 cst

639 2925 736 2988 dlccrc
747 2927 964 3004 spurlsslmum,
978 2941 1042 2987 essa
1054 2925 1280 3006 demnmnsut.)

568 3141 609 3212 ln
624 3138 766 3212 nomine
788 3138 1004 3212 sanctissime
1026 3137 1216 3214 Trinitatis.
1237 3137 1423 3210 Fodericus
1437 3138 1631 3229 sccundus,
1650 3138 1770 3212 divim
1786 3139 1924 3214 favente

519 3263 706 3336 clementia
726 3263 960 3336 Romanorum
979 3261 1168 3358 imperator
1182 3270 1219 3334 et
1233 3282 1298 3334 rex
1318 3259 1433 3333 Sicilie
1452 3283 1591 3357 semper
1605 3271 1785 3354 augustus.
1804 3263 1923 3336 Omni·

519 3387 587 3460 bus
599 3385 722 3458 Christi
739 3385 900 3459 fidelibus
919 3395 989 3458 mm
1007 3385 1228 3480 presentibus
1243 3381 1362 3482 [quam
1377 3382 1515 3485 samm]
1533 3395 1655 3458 notum
1671 3407 1747 3460 esse
1761 3388 1924 3460 volumus
1967 3437 1973 3447 -

519 3509 1266 3604 qnatenusproDeiamoreunimequenostrc
1275 3509 1444 3600 remedio,
1456 3509 1923 3584 adinstantiamvenerabilis

518 3632 714 3729 nobilisque
727 3633 794 3706 viri
808 3633 956 3730 Philippi
968 3635 1122 3706 Fontane
1135 3631 1364 3706 Fenaricnsis
1378 3631 1531 3728 episcopi
1544 3642 1582 3704 et
1595 3631 1692 3728 apud
1705 3633 1922 3726 majestatem

517 3767 672 3832 nostram
684 3777 749 3853 pro
760 3767 881 3830 sancta
888 3759 1045 3831 Romana
1055 3755 1146 3829 Sede
1159 3753 1476 3848 fidelissimilegati,
1491 3756 1648 3850 Ugonem
1656 3757 1773 3830 Sancti
1780 3757 1923 3832 Bartho-

517 3881 622 3956 lomei
638 3891 876 3954 extramuros
895 3879 1051 3952 Ferrarie
1069 3876 1364 3970 religiosissimum
1387 3877 1550 3950 abbatem
1565 3901 1717 3974 suosque
1733 3879 1923 3954 monachos

446 3999 451 4010 ’
518 4013 554 4078 et
566 4005 743 4098 regulares
760 4023 927 4100 macnus
941 4023 1080 4076 necnon
1096 4001 1300 4075 eorumdem
1313 4000 1534 4075 bonsomnia
1548 4011 1618 4074 um
1630 4003 1803 4099 promotis
1814 4024 1920 4098 quam

516 4130 633 4201 futura
650 4129 717 4201 sub
731 4139 850 4202 nostra
870 4127 1040 4222 imperiali
1061 4126 1276 4220 protectione
1301 4135 1338 4198 et
1361 4126 1609 4199 mundiburdio
1629 4135 1747 4200 ncstm
1766 4129 1920 4223 recipere

516 4250 746 4326 decrevimus.
775 4252 893 4324 Sciant
917 4251 1022 4343 igitur
1042 4249 1196 4323 universi
1221 4249 1343 4322 lideles
1366 4250 1476 4322 nostri
1500 4251 1650 4344 qualiter
1672 4251 1918 4324 monsterium

514 4377 768 4472 supradictum,
799 4375 930 4465 abbas,
957 4374 1119 4448 monachi
1151 4385 1187 4446 et
1212 4373 1364 4465 religiosi
1376 4395 1498 4446 omncs
1512 4373 1598 4446 inibi
1616 4375 1691 4447 Deo
1705 4373 1915 4464 senientes,

513 4509 637 4572 cuncte
652 4520 773 4573 eornm
785 4499 1033 4594 possessiones,
1052 4507 1155 4589 terra,
1171 4517 1327 4588 nemora,
1342 4497 1466 4588 valles,
1484 4497 1704 4592 piscationes,
1719 4498 1917 4572 molendina

513 4634 551 4696 et
566 4633 682 4697 cetera
697 4623 814 4696 omnia
829 4622 895 4696 sub
912 4632 1031 4696 nostra
1054 4622 1090 4693 in
1109 4630 1318 4718 perpetuum
1340 4630 1484 4694 manent
1502 4622 1718 4699 defensione.
1739 4620 1916 4720 Addentes

511 4747 654 4845 insuper
673 4747 869 4822 eodemmet
885 4747 1044 4843 Philippo
1061 4746 1242 4820 humiliter
1260 4747 1507 4822 sublimitatem
1528 4757 1682 4822 nostram
1699 4747 1915 4842 supplicante
