4306 5914
209 641 308 708 nne.
324 643 373 724 a]
653 634 852 704 arsronra
875 633 1172 706 ornnouttrrca.
1559 643 1621 708 aas

289 833 385 912 (Edit.
396 831 521 895 lnPetri
532 827 568 892 de
583 827 650 892 Vin.
663 829 760 910 epac,
776 831 828 894 lib.
840 827 867 905 l,
882 847 948 908 cap.
959 825 1048 910 XV13
1061 830 1129 894 coll.
1143 847 1212 894 cum
1225 832 1293 896 cod.
1307 833 1385 896 Bibl.
1401 835 1621 914 cesar.1>nrn.,

320 939 413 1021 seoda
426 937 666 1000 Sciat-Germania
679 933 805 1018 ffcrlw,
818 947 853 999 n·
866 937 949 1015 ⁴⁵⁵.)

252 1153 430 1238 Quantum
447 1160 483 1223 et
499 1149 649 1245 qualiter
665 1148 835 1222 hactenus
851 1169 915 1244 pro
931 1148 1085 1240 generali
1099 1149 1193 1221 bono
1208 1149 1394 1223 christiane
1407 1149 1503 1243 fidei,
1518 1153 1622 1225 Terre

205 1287 325 1350 sancte
347 1275 531 1371 precipue,
553 1274 600 1346 ad
622 1274 723 1366 cujus
747 1273 1048 1369 recuperationem
1073 1273 1315 1346 universorum
1337 1275 1620 1369 christianornm,

205 1401 268 1475 sed
289 1400 455 1497 precipue
475 1421 599 1492 regum
623 1407 659 1471 et
682 1397 877 1494 principum
894 1405 977 1470 vota
996 1397 1188 1494 suspirant,
1209 1398 1256 1471 ad
1273 1399 1368 1495 pacis
1382 1392 1626 1474 universaliter

205 1534 393 1620 expectate
416 1523 639 1595 dulcedinem
663 1521 754 1594 inter
771 1543 835 1594 nos
850 1530 887 1594 et
902 1521 1006 1594 istum
1022 1531 1058 1592 et
1073 1522 1161 1595 alios
1173 1522 1326 1596 Ecclesie
1340 1525 1493 1597 Romane
1506 1525 1623 1620 ponti·

202 1647 286 1722 lices
301 1648 575 1744 procurandam,
593 1645 798 1718 humilitatis
811 1654 929 1717 nostre
945 1646 1034 1717 colla
1051 1643 1292 1748 submisimus,
1310 1647 1532 1722 serenitatem
1545 1669 1624 1724 ves·

206 1781 298 1844 tram
313 1772 403 1844 scire
417 1772 491 1863 Jam
508 1767 697 1860 credimus,
714 1790 781 1841 neo
797 1767 948 1841 mundus
962 1768 1111 1862 ignorat.
1126 1767 1305 1842 Voluimus
1318 1769 1490 1866 siquidem
1500 1794 1623 1868 pacem

201 1905 408 1969 reverenter
419 1903 599 1992 expetere,
616 1916 662 1966 ne
676 1893 712 1965 iu
727 1891 897 1966 mundum
909 1893 1059 1986 grassari
1076 1891 1226 1964 dissidiis
1237 1893 1439 1988 videamur;
1449 1894 1624 1970 voluimus

201 2015 303 2091 illum
322 2019 506 2113 antiquum
520 2025 717 2114 serpentem
733 2013 900 2114 patientia
925 2026 1044 2089 nostra
1067 2025 1279 2114 temperare,
1301 2027 1337 2090 et
1355 2018 1504 2111 rigorem
1518 2042 1623 2116 quem

202 2143 394 2216 nonnullos
406 2141 647 2238 progenitores
659 2149 797 2212 nostros
805 2140 904 2213 divos
914 2139 1088 2213 Romanos
1101 2149 1267 2234 augustos
1279 2139 1314 2212 in
1327 2141 1494 2214 similibus
1507 2141 1624 2216 forsan

201 2268 369 2340 novimus
392 2265 577 2356 habuisse,
595 2264 781 2337 moderari.
801 2265 920 2358 Nuper
941 2263 987 2335 ad
1005 2265 1266 2356 requisitionem
1289 2276 1325 2337 et
1343 2287 1464 2362 preces
1483 2265 1625 2340 illustris

202 2390 300 2484 regis
318 2391 530 2462 Francorum
553 2389 672 2462 dilecti
696 2388 798 2462 amici
821 2388 944 2476 nostri,
968 2411 1075 2483 quem
1100 2389 1135 2460 in
1156 2391 1261 2462 'ferre
1286 2399 1405 2462 sancte
1432 2391 1625 2466 subsidium

200 2514 435 2610 personaliter
445 2513 855 2587 etiustauteraccinctum
867 2513 1100 2608 percepimus,
1112 2509 1162 2610 [et
1172 2511 1290 2612 quem]
1300 2513 1522 2611 desperatum
1536 2538 1625 2610 quo·

201 2637 396 2710 dammodo
409 2637 504 2732 pacis
519 2638 705 2730 negocium
725 2656 901 2708 resumere
917 2635 1127 2727 delectabat,
1144 2659 1345 2731 quanquam
1360 2660 1424 2711 nos
1441 2641 1624 2735 preterito·

201 2781 281 2833 rum
304 2761 547 2857 experimento
561 2759 747 2857 perterriti,
767 2755 812 2834 de
826 2757 922 2855 pacis
937 2760 1097 2832 dubitare
1110 2761 1256 2854 negocio
1270 2761 1465 2836 necessario
1482 2781 1625 2857 cogere·

116 2939 120 2950 .
201 2905 298 2977 mar,
326 2885 412 2958 dnm
430 2884 567 2980 quoties
585 2883 790 2956 humilitatis
809 2882 854 2956 ad
876 2903 998 2980 pacem
1017 2882 1192 2957 evidentia
1212 2885 1310 2979 signa
1335 2885 1624 2980 monstravlmus,

200 3011 310 3084 toties
323 3009 542 3082 voluntatem
556 3009 664 3105 partis
677 3007 825 3082 adverse
838 3007 1033 3080 invenimus
1048 3005 1242 3101 duriorem;
1263 3007 1307 3082 de
1324 3031 1488 3105 processu
1510 3023 1626 3085 tamen

201 3135 298 3227 regis
315 3133 472 3226 ejusdem
489 3133 535 3206 ad
552 3153 675 3229 pacem
690 3131 947 3206 reformandam
964 3129 1103 3226 qualem
1124 3133 1265 3226 qualem
1286 3131 1448 3206 fiduciam
1465 3132 1627 3209 obtinen-

201 3265 268 3351 tes,
284 3312 296 3330 .
314 3313 323 3331 .
340 3311 350 3330 .
366 3267 424 3330 ‚et
427 3310 533 3331 .....
543 3255 666 3331 fideles
674 3267 825 3347 nostros,
835 3257 1007 3330 solemnes
1017 3257 1223 3329 excellentie
1234 3266 1352 3330 nostre
1362 3259 1507 3351 legatos,
1523 3257 1628 3356 plena

200 3390 324 3453 nostre
338 3379 529 3454 voluntatis
544 3379 753 3454 authoritate
770 3379 929 3454 suffultos
944 3380 1138 3476 specialiter
1156 3381 1368 3476 providimus
1382 3381 1625 3478 destinandos,

201 3506 261 3599 qni
276 3523 346 3602 pro
362 3504 496 3578 honore
509 3503 663 3578 Ecclesia
679 3505 800 3578 matris
813 3513 931 3577 nostre
945 3524 987 3577 ac
1002 3503 1160 3577 felicibus
1174 3503 1433 3579 christianitatis
1449 3507 1625 3604 auspiciis,

202 3631 305 3702 salvo
322 3628 458 3702 honora
474 3649 614 3726 semper
626 3629 762 3726 imperii
776 3635 812 3702 et
825 3647 1025 3722 regnorum,
1040 3629 1169 3722 quibus
1187 3629 1333 3703 authore
1349 3631 1498 3705 Domino
1516 3635 1628 3729 presi·

202 3753 345 3843 demus,
365 3753 583 3826 volunlatem
598 3764 753 3827 nostram
768 3753 814 3827 ad
827 3773 950 3851 pacem
967 3759 1124 3849 paratam
1141 3763 1377 3849 exponerent,
1395 3764 1430 3826 et
1445 3755 1628 3829 manifesta

203 3875 366 3971 presagia
379 3877 496 3948 future
510 3877 751 3952 satisfactionis
766 3877 944 3963 offerrent,
962 3897 1031 3970 que
1047 3895 1110 3948 rex
1124 3876 1198 3971 ipse
1215 3873 1420 3949 sufficientia
1427 3875 1625 3975 reputabat.

201 4001 272 4075 Sed
286 4001 353 4073 iste
369 4001 484 4073 bonus
499 4011 619 4097 pastor
634 4002 787 4074 Ecclesia
803 4002 938 4074 nullum
957 3999 1004 4074 ad
1017 3999 1075 4092 jus
1094 4007 1130 4072 et
1145 3999 1313 4072 honorem
1330 4001 1467 4097 imperii
1495 4019 1562 4074 neo
1582 4003 1628 4076 ad

201 4143 268 4198 nos
280 4123 395 4198 voluit
407 4124 539 4198 habere
553 4134 763 4223 respectum,
781 4127 845 4199 sed
864 4133 975 4198 totum
991 4143 1054 4197 sue
1068 4124 1239 4215 subjicere
1256 4125 1432 4220 potestati,
1442 4145 1507 4222 pro
1525 4123 1627 4199 Lom-

203 4247 398 4322 hardorum
413 4249 575 4344 negocio,
591 4249 653 4346 qni
669 4251 765 4346 pacis
783 4249 943 4323 tractatui
960 4269 1098 4345 semper
1116 4248 1284 4320 hactenus
1300 4248 1549 4344 impedimenta
1563 4271 1628 4346 pa·

203 4381 338 4466 rurant,
358 4382 394 4445 et
416 4393 538 4470 pacem
556 4395 663 4468 quam
684 4373 835 4448 debebat
850 4371 1049 4468 exquirere,
1071 4371 1219 4467 turpiter
1238 4373 1437 4468 profugavit
1459 4373 1625 4447 oblatam.

203 4495 294 4571 Eone
308 4498 427 4592 itaque
443 4497 657 4594 quesivimus
673 4517 809 4596 paoem,
826 4508 862 4573 et
876 4520 947 4573 non
964 4496 1179 4588 invenimus,
1195 4497 1398 4570 vocavimus
1416 4517 1507 4589 eam,
1519 4508 1555 4572 et
1569 4517 1630 4573 vo

204 4631 284 4695 eata
300 4643 373 4697 non
387 4623 580 4720 respondit.
600 4623 720 4697 Restat
735 4624 841 4718 igitur
856 4633 896 4696 ut
912 4624 962 4696 sic
980 4630 1098 4696 nostra
1112 4630 1149 4692 et
1162 4620 1298 4715 imperii
1312 4623 1423 4695 nostri
1436 4623 1517 4715 jura
1540 4622 1627 4696 alio-

204 4765 355 4842 rumque
371 4767 495 4841 regnm
516 4759 553 4822 et
572 4747 770 4846 principum
786 4747 822 4820 in
838 4767 943 4822 causa
958 4757 1077 4822 nostra
1090 4744 1238 4819 viriliter
1252 4753 1425 4840 tueamur,
1446 4745 1543 4842 quod
1564 4769 1627 4821 nos

286 4869 339 4934 VI·
362 4902 418 4948 pan
429 4895 451 4938 a.
1428 4878 1466 4931 82
