4318 5904
688 609 814 675 lunai
837 614 1189 678 oocuuauroituu.
1584 619 1641 680 911

244 817 357 894 iiiia

230 923 369 1025 ἧζιῖἆ.
392 942 481 1020 Apud
493 941 595 1004 casale
616 976 658 988 —
677 943 841 1006 Conventui
854 947 1037 1008 casaenovae
1050 949 1196 1024 promittit
1209 947 1289 1025 quod
1304 946 1342 1007 ab
1356 949 1419 1024 ipso
1433 947 1570 1008 collectas
1584 964 1645 1008 non

415 1040 574 1102 8.]166611.
657 1044 715 1104 nisi
729 1060 780 1119 per
793 1044 991 1106 marchionem
1005 1046 1148 1107 iacobum
1163 1045 1199 1104 de
1213 1045 1329 1106 Caretto
1342 1044 1439 1123 colligi
1452 1044 1549 1104 166161.
1587 1053 1641 1105 641

255 1146 349 1228 [aug]
389 1190 563 1210 .,,,,,
594 1171 659 1210 ,-
679 1139 804 1202 cuidam
829 1145 943 1203 civitati
975 1143 1124 1205 Marcbiae
1152 1142 1299 1222 signifieat
1324 1159 1356 1204 se
1388 1145 1447 1203 cito
1470 1145 1580 1202 iturum
1607 1142 1646 1202 ad

657 1242 757 1312 partes
782 1254 901 1311 eorum,
929 1238 1019 1299 rebus
1045 1239 1233 1300 Pedemonils
1258 1239 1310 1299 ubl
1335 1244 1444 1299 terram
1469 1238 1646 1300 marchionis

658 1333 868 1394 iiontlsierrati
889 1335 1045 1413 proditoris
1065 1340 1112 1398 sui
1132 1337 1337 1414 depopulatur,
1353 1338 1383 1396 ln
1406 1337 1540 1413 proximo
1553 1351 1645 1412 eape-

659 1430 739 1490 ditia.
1587 1440 1644 1493 eir

259 1533 352 1615 [cup]
389 1575 601 1598 .......
620 1559 659 1572 -
678 1527 751 1606 Regi
773 1528 925 1590 Sardiniam
950 1529 1013 1590 illio
1034 1547 1089 1592 suo
1108 1539 1210 1592 narrat
1236 1530 1336 1592 iellees
1363 1547 1432 1592 suos
1457 1532 1489 1591 in
1512 1529 1646 1607 partibus

657 1625 1042 1688 biontlsiermtlsuccessur.
1588 1635 1644 1688 646

260 1729 351 1811 [αηῦ]
388 1773 397 1791 .
421 1773 431 1792 ,
454 1773 463 1792 ,
486 1769 496 1792 .
521 1773 529 1792 ,
553 1774 563 1792 ,
593 1753 659 1792 .-
677 1722 802 1783 Nuntiat
821 1726 882 1802 regi
901 1724 1064 1802 Anglorum
1088 1727 1169 1803 quod
1192 1742 1252 1785 non
1274 1726 1372 1801 potuit
1391 1723 1523 1784 obtinere
1542 1741 1646 1800 pacem

657 1836 725 1880 cum
739 1838 825 1899 papa,
841 1822 909 1883 licet
922 1840 975 1884 rex
989 1824 1166 1884 Francorum
1184 1830 1281 1900 partes
1294 1839 1362 1884 sues
1375 1822 1454 1899 apud
1468 1838 1536 1882 eum
1552 1825 1646 1881 inter·

657 1921 797 1993 posuerit.
1587 1926 1646 1978 644

252 2027 352 2099 crept.
385 2024 475 2103 Apud
488 2023 601 2086 eunte,
619 2045 659 2058 -
677 2015 818 2075 Potestatl
835 2016 971 2093 Paplensl
986 2017 1108 2077 mandat
1124 2023 1157 2077 ut
1174 2033 1261 2094 saper
1278 2016 1478 2078 recollectione
1496 2018 1645 2076 tertiariae

656 2118 851 2187 proventuum
869 2117 1038 2174 monasterii
1059 2115 1159 2176 Sancti
1174 2114 1334 2175 salvatoris
1352 2114 1389 2174 de
1406 2114 1498 2190 Papia
1517 2112 1644 2190 aliquem

657 2210 795 2270 idoneum
814 2217 940 2290 6161661,
958 2229 1010 2290 per
1034 2228 1121 2288 quem
1144 2212 1249 2274 domus
1269 2213 1362 2288 ipsius
1375 2212 1542 2271 monasterii
1556 2227 1642 2286 repa·

656 2313 770 2368 rentur.
1584 2317 1643 2369 666

252 2414 355 2467 tnov.
418 2412 570 2476 Vercellis,
617 2434 658 2444 —
676 2403 1424 2483 (16616611166666616,166166661666116666666
1443 2411 1593 2466 consortes
1607 2406 1645 2465 dc

657 2502 799 2562 comitatu
811 2503 952 2572 1166116616
969 2505 1091 2563 invertit
1108 2520 1177 2564 cum
1191 2501 1327 2563 omnibus
1341 2503 1537 2579 pertinentiis,
1552 2503 1643 2580 privi-

657 2597 742 2675 legiis
754 2605 784 2658 61
797 2601 885 2660 etlam
898 2617 979 2660 mero
993 2606 1024 2659 et
1036 2602 1130 2660 mixto
1143 2601 1274 2676 imperio.
1584 2608 1643 2660 666

255 2713 353 2766 inov.
417 2700 570 2764 Vercellis.
617 2728 658 2740 -
676 2697 808 2758 11666661
824 2698 1010 2758 donationem
1027 2715 1117 2775 66666
1136 2699 1237 2759 011661
1251 2697 1399 2776 quondam
1414 2698 1481 2759 duci
1495 2697 1644 2759 Meraniae

657 2796 694 2855 de
707 2795 855 2872 regalibus
865 2797 896 2854 ln
910 2797 1029 2856 civitate
1042 2797 1197 2856 bisuntina
1209 2795 1328 2855 fecerat.
1583 2803 1640 2856 661

253 2906 353 2960 6666.
417 2897 567 2960 Vercellis.
616 2925 658 2939 -
676 2893 808 2954 Amedeo
821 2895 919 2954 comiti
936 2893 1100 2955 sabaudiae
1117 2900 1148 2955 61
1160 2897 1261 2956 comiti
1274 2894 1432 2954 Thomoslo
1447 2893 1484 2953 de
1496 2893 1644 2956 86666116

655 2990 739 3052 iratrl
760 2994 825 3068 ejus
842 2997 1015 3068 potestatem
1037 2993 1172 3053 concedit
1192 2995 1272 3070 pacis
1295 2994 1372 3052 inter
1390 3009 1421 3052 66
1443 2998 1474 3051 61
1492 3008 1643 3054 summum

656 3087 1567 3164 pontillcemtractendaesecundumiormamlpslusasadatam.
1585 3097 1641 3149 661

230 3189 369 3253 novemb.
416 3185 568 3250 Vercellis.
618 3216 656 3230 -·
676 3185 819 3246 conium
836 3185 1028 3246 Thomaslum
1042 3185 1080 3245 dc
1100 3185 1246 3246 sabaudia
1263 3186 1407 3245 vicarium
1421 3186 1535 3261 imperil
1554 3201 1643 3264 gene·

655 3281 746 3342 ralem
759 3299 778 3341 a
791 3281 882 3358 Papia
895 3285 1028 3359 superius
1045 3284 1204 3344 6666111611.
1585 3291 1643 3343 666

229 3384 369 3448 novemb,
417 3383 564 3446 Vercellis,
615 3408 656 3420 -
675 3376 782 3437 Comltl
796 3377 956 3438 Thomaslo
971 3378 1007 3438 de
1025 3376 1171 3438 Sabaudie
1183 3383 1213 3436 et
1226 3375 1294 3436 illlis
1308 3378 1371 3453 ejus
1384 3375 1520 3454 legitimis
1535 3379 1644 3438 utnon·

654 3490 712 3550 que
725 3490 813 3532 sexus
826 3475 856 3532 ln
871 3480 1042 3550 perpetuum
1060 3477 1091 3532 16
1105 3480 1216 3533 rectum
1233 3472 1355 3533 feudum
1370 3471 1554 3550 Canapltlum
1574 3490 1643 3534 cum

654 3569 819 3631 rationibus
832 3576 862 3630 ct
874 3573 1056 3647 pertinentiis
1068 3570 1213 3644 concedit,
1229 3570 1285 3631 sub
1300 3568 1360 3630 ilde
1373 3570 1504 3649 homagii
1521 3573 1643 3649 imperio

654 3667 791 3728 faciendi.
1584 3678 1642 3730 666

230 3771 367 3834 novemb.
417 3767 567 3832 Vercellis.
616 3799 656 3809 -
675 3764 782 3825 Comitl
795 3765 952 3826 'ihomasio
965 3765 1002 3825 dc
1015 3764 1163 3826 6616664116
1176 3770 1207 3825 61
1220 3763 1289 3824 11116
1302 3766 1367 3841 ejus
1380 3764 1518 3842 legitimis
1531 3767 1643 3825 616166·

655 3879 712 3940 que
733 3878 823 3922 senus
843 3863 875 3920 in
896 3868 1069 3939 perpetuum
1086 3864 1118 3920 ln
1136 3870 1248 3922 rectum
1266 3860 1387 3921 feudum
1405 3863 1538 3921 Montem
1560 3862 1644 3922 Cale-

655 3961 731 4019 rlurn
749 3966 780 4018 61
797 3957 932 4019 Castrum
948 3960 1042 4022 Vetus
1054 3975 1124 4020 cum
1139 3959 1301 4020 rationibus
1321 3965 1350 4018 et
1370 3960 1552 4036 pertinentiis
1569 3973 1642 4018 con-

655 4056 744 4116 cedit.
1584 4061 1642 4114 6811

229 4157 368 4220 novemb.
417 4156 566 4220 Vercellis.
614 4184 655 4198 -
675 4152 783 4212 comiti
811 4152 969 4212 Tbomaslo
991 4153 1029 4212 de
1054 4152 1201 4214 66666116
1225 4156 1256 4211 61
1275 4150 1345 4212 filiis
1367 4153 1447 4229 6166,
1468 4157 1538 4225 etc..
1563 4152 1643 4211 clvi-

654 4255 746 4309 tatem
759 4249 934 4327 Eporediam
946 4266 1014 4312 cum
1032 4249 1196 4310 rationibus
1213 4255 1243 4308 61
1256 4251 1437 4326 pertinentiis
1456 4251 1521 4324 ejus
1538 4263 1643 4308 conce-

654 4346 780 4416 116616.
1584 4353 1639 4406 661

230 4445 368 4508 novemb.
417 4444 565 4508 Vercellis
615 4441 1644 4520 -(16611111ιο6ιιι616(1686166616611111166166616,6661616161-

654 4546 744 4601 tatem
755 4541 930 4617 Eporediam
944 4558 1001 4602 una
1011 4559 1078 4602 cum
1090 4544 1234 4602 territorio
1245 4541 1388 4617 Canapltii
1397 4548 1426 4601 et
1436 4543 1517 4600 omni
1532 4543 1645 4601 ratione

654 4639 693 4698 ed
707 4645 779 4699 6661
792 4636 947 4715 imperium
961 4646 1111 4716 spectante
1125 4642 1158 4698 16
1169 4645 1299 4700 cestrum
1313 4641 1350 4699 de
1363 4639 1472 4699 Lanzo.
1585 4647 1642 4700 661

229 4732 369 4798 novemb.
417 4734 566 4799 Vercellis.
614 4735 746 4796 -Sese
768 4735 879 4814 obliget
901 4738 940 4797 ad
961 4737 1172 4815 acquirendum
1195 4735 1272 4798 inira
1296 4737 1371 4796 duos
1395 4752 1487 4796 annos
1515 4743 1643 4798 casuum
