4318 5904
795 545 1109 610 nnurrnunurs.
1402 515 1406 522 ’
1596 551 1659 616 ors

245 688 285 762 et
311 685 544 760 conuentum
570 673 701 758 Sancti
732 673 892 760 Modesti
925 676 1027 784 apud
1058 674 1315 760 beneventum
1341 677 1383 758 iu
1409 678 1516 762 nullo
1545 679 1658 764 inde-

246 809 326 893 bite
344 818 572 918 aggravent,
595 807 719 890 sedin
744 809 925 892 omnibus
946 833 1079 893 eorum
1101 808 1254 917 juribus
1278 837 1345 896 eos
1369 823 1653 898 manuteneant.

330 1025 424 1105 (Edit.
442 1040 491 1103 ap.
507 1023 658 1102 uersum,
673 1019 742 1085 Ital.
753 1040 848 1100 sanc,
864 1031 887 1084 t.
902 1025 1029 1104 v111‚p.
1049 1035 1116 1102 129,
1132 1044 1169 1088 ex
1182 1025 1327 1088 tabulario
1340 1027 1496 1109 coenobii.)

292 1211 508 1300 Fridericus,
531 1211 596 1282 Dei
624 1211 735 1304 gratia
756 1211 990 1283 Romanorum
1004 1212 1205 1308 imperator,
1221 1234 1360 1310 semper
1371 1224 1558 1306 augustus,
1574 1217 1655 1290 llic·

245 1337 396 1409 rusalem
413 1344 449 1408 et
467 1335 581 1408 Sicilie
597 1357 678 1426 rex,
702 1335 902 1426 comitibus,
917 1336 1122 1428 baronibus,
1139 1337 1310 1430 magistris
1322 1337 1537 1430 justiciariis,
1552 1341 1654 1432 justi·

247 1461 375 1552 daria,
394 1459 566 1556 magistris
580 1459 794 1550 camerariis,
806 1461 1021 1550 camerariis,
1034 1460 1177 1554 bajulis,
1192 1462 1383 1557 catapanis,
1395 1465 1651 1558 comestabulis,

245 1583 455 1674 castellanis,
461 1582 637 1674 judicibus
654 1593 689 1654 et
703 1581 875 1655 universis
885 1584 956 1655 suis
969 1582 1131 1656 fidelibus
1140 1607 1202 1681 per
1211 1607 1357 1678 regnum
1366 1587 1480 1659 Sicilie
1490 1590 1655 1662 constitu·

246 1707 570 1801 tis,gratiamsuam
586 1717 621 1778 et
633 1685 999 1780 bonamvoluntatem.
1019 1709 1073 1780 Ex
1087 1711 1230 1802 querela
1246 1711 1455 1781 venerabilis
1471 1711 1606 1784 abbatis
1619 1724 1656 1787 et

245 1842 438 1905 conventus
458 1831 575 1904 Sancti
591 1831 737 1904 Modesti
754 1819 822 1928 (l'),
837 1830 991 1904 fidelium
1010 1845 1221 1922 nostrorum,
1237 1855 1350 1928 nuper
1358 1843 1476 1906 nostra
1486 1837 1654 1910 serenitas

243 1955 417 2028 intellexit
429 1954 526 2047 quod
542 1975 605 2026 vos
621 1975 680 2026 eos
696 1955 734 2024 in
749 1955 919 2046 collectis,
940 1955 1180 2028 exactionibus
1195 1964 1231 2027 et
1245 1955 1395 2048 angariis
1399 2009 1608 2031 ......
1631 1995 1649 2030 ·.

242 2079 561 2178 procurationibus,
582 2077 751 2150 trahendo
760 2079 796 2149 in
807 2079 966 2151 civilibus
977 2089 1012 2152 et
1021 2079 1234 2152 secularibus
1245 2080 1291 2151 ad
1298 2080 1469 2172 judicium
1481 2084 1648 2173 seculare,

242 2225 309 2275 nec
318 2221 389 2273 nou
403 2202 521 2274 etaliis
530 2201 766 2297 multipliciter
776 2203 950 2274 offenditis
961 2214 997 2275 et
1011 2203 1181 2296 gravatis,
1200 2204 1296 2296 quod
1313 2207 1651 2279 tantumnostredis·

240 2327 347 2423 plicet
363 2326 484 2422 pietati
499 2336 631 2419 quanto
648 2327 811 2399 abbatem
832 2336 868 2398 et
881 2327 1070 2400 monachos
1086 2337 1121 2399 et
1135 2328 1384 2399 monasterium
1398 2330 1512 2424 ipsum
1526 2331 1562 2400 in
1581 2332 1653 2404 suis

149 2436 157 2451 ⁴
242 2433 461 2523 libertatibus
474 2460 510 2522 et
523 2450 716 2522 rationibus
724 2452 886 2522 volumus
895 2451 1107 2524 conservari.
1127 2431 1257 2526 Verum
1273 2453 1355 2544 quia
1365 2454 1441 2546 ejus
1451 2454 1579 2526 intuitu
1590 2476 1653 2550 per

243 2597 348 2670 quem
371 2574 518 2647 leliciter
542 2573 692 2648 vivimus
721 2585 757 2647 et
782 2596 984 2668 regnamus,
1019 2587 1088 2648 tam
1111 2577 1274 2648 abbatem
1294 2575 1388 2671 ipsos
1410 2589 1445 2648 et
1463 2577 1652 2651 monachos

243 2722 349 2796 quam
363 2701 466 2773 etiam
481 2699 612 2772 dictum
626 2699 873 2772 monasterium
891 2722 969 2772 cum
986 2701 1212 2792 obedientiis,
1229 2700 1428 2773 bominibus
1445 2709 1480 2773 et
1490 2703 1652 2775 omnibus

238 2825 342 2898 bonis
362 2825 434 2897 suis
456 2833 682 2896 manutenere
698 2825 860 2897 volumus
879 2835 914 2896 et
935 2827 1072 2916 lavere,
1096 2847 1163 2896 nec
1184 2825 1254 2920 pati
1272 2846 1454 2919 possumus
1470 2828 1527 2899 vel
1542 2827 1650 2899 debe·

240 2973 320 3022 mus
336 2949 432 3044 quod
446 2969 467 3020 a
483 2949 585 3021 nobis
598 2951 654 3020 vel
671 2948 875 3021 officialibus
890 2958 1063 3044 utsupra,
1079 2947 1240 3022 fidelibus
1257 2950 1384 3021 nostris
1399 2945 1489 3046 (sic),
1500 2950 1652 3024 debeant

240 3074 441 3166 molestari,
455 3095 543 3168 quos
565 3082 725 3146 tenemur
739 3073 773 3144 in
794 3073 943 3168 propriis
962 3073 1178 3145 libertatibus
1195 3084 1230 3146 et
1245 3073 1436 3145 bonoribus
1451 3084 1545 3146 etex
1559 3097 1652 3147 eom·

241 3199 346 3272 misso
366 3197 467 3270 nobis
488 3197 655 3290 regimine
680 3218 907 3286 conservare,
938 3195 1096 3269 fidelitati
1117 3207 1250 3288 vestre,
1269 3198 1335 3269 sub
1349 3219 1439 3292 pena
1456 3199 1651 3272 amissionis

240 3323 351 3416 gratie
365 3330 500 3412 nostre,
524 3321 679 3394 districte
697 3305 921 3416 precipiendo
939 3321 1146 3393 mandamus
1162 3331 1335 3414 quatenus
1350 3332 1420 3392 tam
1436 3322 1598 3395 abbatem
1615 3336 1651 3396 et

240 3446 430 3519 monachos
455 3455 666 3517 memoratos
689 3466 794 3538 quam
814 3445 1062 3517 monasterium
1086 3446 1218 3540 ipsum,
1243 3445 1477 3536 obedientias,
1493 3445 1651 3521 homines

240 3580 277 3645 et
292 3570 409 3643 omnia
429 3569 521 3642 bona
547 3591 610 3641 sua
630 3570 667 3640 in
692 3571 788 3641 nullo
805 3569 958 3641 indebite
979 3579 1208 3662 aggravantes
1225 3568 1292 3668 (a),
1313 3570 1548 3644 immunitates
1563 3594 1651 3665 quas

240 3705 396 3790 tompore
417 3695 516 3787 regui
539 3694 713 3766 Guillelmi
738 3694 787 3784 ll,
816 3693 1014 3766 consobrini
1029 3693 1157 3786 nostri,
1169 3694 1299 3768 habere
1313 3695 1494 3768 consuevit
1509 3693 1583 3792 (sic)
1601 3697 1650 3768 eis

239 3819 374 3912 integre
390 3818 624 3909 conservetis,
641 3827 677 3890 et
692 3817 728 3888 in
742 3817 904 3889 omnibus
913 3817 1055 3910 judiciis
1063 3827 1098 3890 et
1103 3819 1241 3912 juribus
1252 3819 1323 3892 suis
1335 3819 1385 3891 sic
1397 3821 1651 3894 manuteneatis

240 3941 382 4015 eosdem
406 3941 502 4035 quod
522 3942 558 4012 in
579 3942 677 4013 nullo
692 3941 736 4014 de
752 3951 869 4014 cetero
885 3963 924 4013 se
937 3941 1279 4035 sentiantgrevatos,
1300 3951 1336 4013 et
1350 3961 1416 4013 nos
1428 3941 1649 4014 devotionem

239 4077 390 4139 vestram
407 4067 556 4166 amplius
569 4065 869 4139 commendemus.
884 4065 954 4138 Nos
972 4065 1065 4137 enim
1082 4075 1179 4137 tanto
1196 4065 1300 4138 cosin
1311 4063 1472 4138 omnibus
1485 4067 1648 4138 volumus

280 4263 322 4346 (a)
345 4263 382 4324 ln
394 4265 536 4344 impresso
547 4263 596 4324 hlc
607 4265 724 4341 irrepsit
737 4268 778 4342 ct,
792 4262 873 4344 quod
887 4260 1030 4326 abundat.

272 4584 315 4656 (l)
331 4581 524 4642 llonssterium
537 4581 610 4658 apud
625 4583 810 4642 &mucclam
821 4582 914 4642 ntum.
925 4582 1001 4644 Unde
1016 4581 1160 4658 conjectari
1176 4583 1237 4642 licet
1250 4582 1300 4642 has
1313 4582 1414 4642 litterae
1426 4589 1488 4658 post
1502 4583 1648 4642 Beneventi

238 4681 465 4756 expuguationem
478 4681 592 4755 scriptas
606 4680 697 4738 luisse.
