4306 5914
543 646 605 710 696
1042 647 1253 710 intuuntur
1278 648 1447 712 strettun!
1760 645 1843 728 [butt.
1861 645 1949 708 late.

544 785 651 856 salem
668 793 704 857 et
720 784 834 858 Sicilie
851 805 928 858 rex.
946 783 1018 858 Etsi
1034 795 1238 858 cunctorum
1254 783 1408 859 lidelium
1425 793 1622 858 nostrorum
1641 791 1798 855 tenemur
1813 782 1952 856 servitia

544 927 768 1004 compensare
793 919 829 982 et
855 909 984 982 donata
1011 910 1209 1002 attendere,
1237 910 1347 985 multo
1374 908 1497 983 lortius
1521 907 1682 999 angimur
1706 906 1774 978 illis
1799 917 1953 979 nostram

544 1032 814 1106 munificentiam
848 1034 1032 1108 ostendere
1064 1056 1135 1128 quo
1172 1033 1303 1106 illibata
1331 1031 1419 1109 fides
1450 1041 1635 1130 parentum
1665 1029 1813 1104 fideliter
1839 1031 1876 1102 in
1902 1031 1954 1104 eis

543 1155 719 1230 elucescit.
738 1159 825 1231 Hinc
846 1160 1009 1252 estquod
1025 1181 1105 1232 cum
1126 1181 1190 1233 nos
1205 1160 1251 1232 ob
1264 1168 1363 1253 grata
1379 1157 1520 1232 servitiu
1536 1164 1730 1251 opportune
1750 1155 1797 1226 ab
1814 1155 1954 1248 egregio

542 1280 651 1352 milite
675 1282 822 1355 Oddone
846 1282 892 1357 de
907 1284 1096 1357 famerana
1112 1294 1274 1379 accepta,
1306 1283 1367 1377 qui
1381 1305 1444 1378 pro
1469 1281 1571 1355 nobis
1595 1279 1778 1352 serviendo
1803 1281 1952 1375 patrium

542 1405 654 1478 solum
677 1405 863 1501 dereliquit
880 1418 915 1481 et
931 1407 1069 1480 insimul
1086 1429 1166 1480 curn
1183 1431 1251 1481 non
1269 1408 1388 1504 paucis
1408 1405 1606 1480 hominibus
1621 1404 1666 1476 de
1681 1404 1887 1477 lombardia
1906 1405 1953 1478 ad

541 1539 699 1602 nostrum
708 1530 821 1604 Sicilie
833 1553 979 1624 regnum
993 1531 1398 1630 transfretaverunt(sic),
1407 1532 1521 1604 locum
1532 1529 1593 1626 qui
1602 1529 1780 1602 diciturde
1791 1531 1953 1625 Scnpello

488 1733 493 1744 ¹
540 1654 577 1725 in
596 1651 689 1727 dicto
705 1676 812 1748 regno
828 1666 863 1727 et
878 1656 969 1729 valla
985 1656 1131 1730 Mezarie
1149 1655 1252 1728 sitnm
1271 1678 1350 1729 oum
1362 1635 1434 1729 toto
1449 1657 1525 1750 ejus
1543 1652 1728 1744 territorio,
1744 1663 1784 1726 ut
1795 1653 1954 1727 homines

541 1777 607 1874 ipsi
628 1779 672 1852 de
695 1781 901 1854 lumbardia
922 1781 1102 1855 venientes
1118 1792 1154 1854 et
1169 1802 1384 1854 successores
1408 1801 1528 1853 eorum
1546 1780 1628 1852 illuc
1645 1779 1840 1852 habitarent
1850 1780 1952 1872 juxta

539 1902 818 1977 distributionem
840 1927 903 2001 per
927 1906 1090 1979 eumdem
1110 1907 1292 1980 Oddonem
1315 1905 1528 1994 taciendam,
1548 1925 1850 1998 concesseramus;
1869 1905 1952 1977 inda

538 2047 624 2100 vero
639 2029 721 2124 quia
739 2029 836 2102 locus
854 2030 912 2102 ille
935 2052 1007 2103 non
1029 2040 1104 2103 erat
1123 2030 1296 2104 sufficiens
1315 2051 1430 2124 neque
1451 2038 1553 2125 aptus
1574 2029 1676 2103 dictis
1695 2028 1892 2103 bominibus
1905 2029 1954 2102 ad

539 2148 782 2247 habitandum,
798 2154 844 2226 ad
861 2153 1020 2229 iteratam
1037 2155 1324 2252 supplicationem
1338 2155 1495 2250 ejusdem
1514 2154 1669 2229 Oddonis
1684 2154 1720 2227 in
1739 2154 1952 2228 escambium

539 2275 623 2348 dicti
639 2276 706 2350 loci
728 2277 879 2373 Soupelli
902 2279 1015 2352 eidem
1036 2279 1173 2354 Oddoni
1193 2291 1227 2353 et
1243 2280 1441 2354 hominibus
1461 2279 1624 2375 predictis
1646 2289 1772 2352 terram
1789 2279 1952 2352 Corilioni

539 2399 575 2470 in
592 2400 715 2475 eadem
732 2401 823 2474 valla
839 2403 940 2476 sitam
958 2413 993 2476 et
1008 2405 1156 2501 positam
1171 2426 1252 2478 cum
1269 2415 1342 2478 toto
1358 2404 1544 2494 territorio,
1560 2405 1628 2476 situ
1645 2414 1682 2477 et
1696 2404 1854 2477 districtu
1870 2425 1950 2495 suc,

539 2545 617 2596 cum
632 2525 844 2620 nemoribus,
863 2528 1013 2622 pascuis,
1031 2529 1145 2622 aquis,
1164 2531 1263 2602 terris
1279 2530 1345 2602 sub
1360 2529 1461 2624 aquis
1477 2541 1513 2603 et
1526 2529 1600 2602 sine
1616 2529 1730 2622 aquis,
1749 2527 1850 2602 terris
1869 2549 1951 2601 ara·

539 2649 654 2742 toriis,
673 2650 851 2744 casalinis,
869 2652 999 2748 prediis
1014 2653 1157 2726 urbanis
1176 2664 1213 2727 et
1232 2653 1386 2746 rusticis,
1407 2653 1553 2726 ecclesia
1570 2652 1644 2726 sive
1664 2653 1799 2748 capella
1818 2664 1854 2725 et
1874 2652 1953 2726 aliis

538 2774 814 2870 quibuscumque
830 2777 986 2870 juribus,
1007 2777 1211 2870 rationibus,
1224 2778 1384 2872 justiciis,
1401 2789 1437 2852 et
1454 2778 1670 2874 pertinentiis
1687 2779 1758 2851 suis
1774 2777 1951 2850 concessi·

538 2921 630 2991 mus,
647 2910 751 2994 prout
764 2900 800 2972 in
814 2901 995 2997 privilegio
1011 2903 1087 2996 ejus
1101 2904 1334 2978 concessionis
1348 2903 1504 2978 diffusius
1516 2901 1782 3001 continetur(l).
1795 2903 1952 2998 Cumque

539 3031 630 3095 terra
652 3025 726 3120 ipsa
748 3025 910 3100 Corilioni
927 3049 1031 3122 supra
1048 3029 1190 3102 modum
1207 3025 1279 3128 [sit]
1296 3029 1411 3121 dives,
1428 3030 1592 3126 populata
1611 3038 1647 3100 et
1663 3029 1796 3101 munita
1812 3049 1853 3100 ac
1868 3039 1953 3123 apta

538 3146 722 3222 hostilibus
741 3148 926 3224 insultibus
947 3152 994 3225 ad
1014 3153 1243 3226 resistendum
1268 3163 1481 3250 opportune,
1500 3153 1717 3226 decrevimus
1732 3153 1778 3225 ad
1792 3163 1952 3226 nostrum
2072 3197 2075 3210 ·

538 3273 672 3368 regium
686 3274 888 3348 demanium
901 3276 1152 3371 revocandam,
1175 3288 1278 3375 prout
1293 3277 1520 3352 effectualiter
1539 3277 1792 3352 revocavimus.
1811 3279 1886 3364 Qua
1904 3278 1951 3352 de

539 3419 577 3470 re
592 3399 719 3472 nobilis
735 3399 836 3472 miles
849 3401 1044 3474 Bonilacius
1059 3403 1104 3475 de
1116 3404 1305 3476 Camerana
1318 3401 1410 3475 lilius
1424 3403 1508 3476 dicti
1524 3404 1650 3476 nobilis
1669 3403 1825 3476 Oddonis
1837 3402 1952 3475 burni-

539 3521 618 3594 liter
638 3524 833 3597 celsitudini
854 3536 972 3600 nostre
994 3527 1189 3624 supplicare
1211 3529 1293 3600 lecit
1313 3537 1353 3601 ut
1374 3527 1440 3602 sibi
1460 3528 1505 3600 de
1526 3527 1596 3601 alio
1617 3527 1787 3602 consimili
1807 3529 1884 3601 loco
1904 3528 1951 3600 de

539 3645 658 3720 innata
674 3649 773 3720 nobis
789 3651 972 3723 clementia
987 3652 1171 3748 providere
1188 3651 1422 3744 dignaremur.
1439 3653 1510 3724 Nos
1526 3674 1610 3725 vero
1626 3652 1717 3725 serio
1729 3651 1953 3726 consideran-

541 3781 593 3842 tes
607 3782 706 3864 grata
720 3783 756 3845 et
770 3783 912 3869 accepta
928 3774 1068 3849 servitia
1082 3797 1123 3848 ac
1141 3777 1309 3849 illibatam
1323 3775 1427 3849 lidem
1441 3797 1504 3871 per
1521 3775 1653 3850 dictum
1666 3775 1818 3848 nobilem
1834 3775 1953 3851 Oddo-

539 3917 620 3967 nem
636 3897 777 3992 prestita
794 3918 834 3969 ac
848 3897 1081 3972 intolerabiles
1097 3900 1233 3974 labores
1248 3910 1284 3974 et
1297 3900 1425 3974 damna
1436 3923 1499 3996 per
1509 3900 1670 3973 eumdem
1686 3901 1836 3973 nobilem
1850 3901 1952 3972 lioni-

539 4019 664 4092 lacium
685 4005 786 4094 nobis
803 4020 841 4092 in
861 4021 1045 4097 serviendo
1062 4045 1182 4119 pessa,
1198 4046 1336 4119 queque
1358 4024 1489 4098 ilariter
1512 4035 1548 4097 et
1568 4023 1716 4098 fideliter
1735 4025 1780 4097 ad
1805 4045 1950 4121 presens

538 4145 673 4216 confert
689 4155 725 4217 et
739 4146 775 4216 in
795 4154 898 4217 antea
920 4147 1027 4220 dante
1046 4148 1195 4221 Domino
1215 4157 1370 4244 prestare
1387 4169 1567 4244 speramus
1581 4147 1814 4248 gratiora(a),
1832 4148 1948 4222 eidem

538 4268 647 4340 nobili
664 4268 763 4340 militi
779 4269 953 4344 Bonilacio
969 4271 1014 4344 de
1031 4272 1219 4345 Camerana
1239 4273 1378 4369 suisque
1395 4274 1650 4348 successoribus
1664 4274 1708 4348 de
1722 4295 1785 4348 suo
1802 4295 1948 4370 corpore

581 4469 623 4552 (a)
644 4470 682 4534 ln
696 4473 797 4536 oodloe
809 4475 955 4556 puriore
970 4477 1058 4540 male.

576 4785 615 4860 (⁴)
633 4785 675 4846 Gi·
688 4805 778 4864 supra,
794 4795 815 4849 t.
828 4790 862 4866 V,
875 4809 903 4867 p.
918 4795 970 4854 ⁴28
979 4798 1008 4851 at
1018 4807 1109 4870 seqq,
1123 4793 1294 4870 privilegium
1306 4795 1398 4855 dutum
1411 4811 1504 4856 manee
1512 4796 1653 4856 novembri
1666 4797 1746 4856 till.
