4306 5914
537 621 599 683 otc
1035 619 1252 684 talnuntct
1277 623 1451 686 secubet
1755 634 1838 714 [trs.
1855 635 1943 700 tcta.

585 757 787 832 'thomasius
809 756 854 831 de
877 755 1050 829 sabaudia
1077 777 1210 848 comes,
1231 757 1378 832 dilectus
1400 760 1513 834 affinis
1536 771 1573 836 at
1594 763 1707 838 fidelis
1727 779 1859 860 noster,
1876 771 1946 844 suis

538 883 645 955 literis
660 893 777 956 nostre
792 881 954 977 exposuit
971 881 1155 974 majestati,
1170 883 1266 976 quod
1282 883 1363 957 licat
1377 886 1472 980 apud
1485 886 1696 962 Thaurinum
1702 891 1766 990 (n),
1778 894 1825 967 ad
1838 895 1945 992 ipsius

444 991 452 1030 ³
537 1007 847 1104 supplicationem,
863 1006 925 1079 tibi
941 1005 1141 1079 dederimus
1164 1007 1200 1078 in
1216 1008 1388 1080 mandatis
1414 1021 1453 1082 ut
1471 1014 1641 1105 quosdam
1661 1017 1838 1112 captivos,
1858 1042 1945 1114 quos

536 1133 582 1205 ad
597 1131 822 1226 sepertinere
837 1152 929 1203 nunc
945 1130 1080 1221 asserit,
1099 1129 1245 1204 deberes
1262 1153 1283 1204 a
1299 1134 1448 1208 carceris
1462 1136 1603 1210 vinculo
1617 1139 1777 1234 liberare,
1796 1152 1833 1215 ιιι
1850 1153 1944 1238 post·

536 1251 678 1329 modum
705 1258 822 1352 pluras
853 1255 939 1328 alios
968 1255 1141 1351 captivos,
1164 1257 1210 1328 de
1235 1258 1361 1350 quibus
1387 1262 1576 1354 maiestatis
1600 1274 1716 1337 nostre
1741 1267 1943 1340 mandatum

536 1379 648 1453 simile
666 1380 840 1475 recepisti,
858 1394 893 1451 et
909 1399 972 1474 pro
988 1401 1137 1473 quorum
1153 1381 1357 1456 liberatione
1374 1383 1448 1480 ipse
1464 1408 1581 1462 comes
1594 1390 1794 1463 nullatanus
1811 1395 1943 1489 suppli·

536 1507 640 1598 oavit,
656 1529 677 1579 a
691 1527 829 1579 carcere
845 1505 1044 1595 liberando,
1059 1506 1154 1600 ipsos
1169 1529 1232 1602 pro
1249 1508 1376 1602 quibus
1391 1520 1510 1584 nostre
1524 1512 1719 1587 celsitudini
1737 1518 1944 1612 supplicavit

536 1631 694 1723 liberari,
713 1639 817 1726 prout
833 1630 907 1725 ipse
924 1629 1124 1726 descripsit,
1144 1632 1281 1727 penitus
1296 1633 1453 1708 omisisti.
1472 1636 1525 1710 Ob
1539 1659 1688 1731 quorum
1702 1640 1942 1716 liberationem

536 1760 618 1854 quia
631 1779 748 1830 comos
762 1757 916 1853 prelatus
930 1777 1044 1852 nuper
1056 1757 1232 1830 serenitati
1245 1741 1363 1834 nostre
1374 1760 1551 1836 humiliter
1559 1765 1942 1860 supplicavit,fidclitati

535 1893 595 1956 tue
619 1880 842 1978 precipiendo
868 1880 1073 1954 mandamus
1092 1891 1283 1977 quatenus,
1305 1884 1335 1956 si
1357 1893 1409 1957 est
1432 1887 1497 1977 ita,
1514 1887 1616 1978 juxto
1637 1889 1783 1963 formam
1816 1858 1941 1988 prioris

535 2007 690 2082 mandati
722 2005 857 2096 nostri,
899 2005 1040 2079 eosdem
1071 2006 1227 2102 captivos
1252 2031 1273 2080 a
1302 2010 1451 2082 nexibus
1483 2012 1630 2086 carceris
1660 2014 1840 2090 absolvere
1869 2040 1940 2092 non

535 2135 687 2208 omittas.

1567 2323 1727 2334 --—-—

341 2547 494 2647 ,fflp
586 2543 827 2628 Innocentius
849 2570 949 2655 papa
976 2544 1157 2630 acerrime
1180 2557 1312 2630 contro
1330 2545 1561 2630 Friderioum
1586 2547 1754 2632 invectus
1776 2549 1940 2632 misera-

533 2675 648 2762 bilem
666 2678 774 2789 regni
794 2677 943 2762 Siciliae
959 2687 1100 2763 statum
1119 2679 1242 2764 sosius
1260 2679 1452 2786 describit,
1467 2694 1506 2764 et
1522 2680 1780 2766 reformationi
1799 2681 1937 2766 Eccle-

533 2811 611 2896 siae
632 2837 750 2922 quem
776 2811 993 2896 reformatio
1018 2813 1125 2924 regni
1144 2811 1265 2921 ipsius
1282 2811 1536 2922 subsequetur
1548 2814 1737 2923 providet,
1762 2815 1938 2900 universa

533 2954 673 3028 statuta
694 2943 733 3026 in
761 2943 1035 3054 praejudicium
1062 2945 1332 3030 ecclesiasticae
1349 2945 1534 3030 libertatis
1552 2946 1654 3032 adita
1673 2945 1779 3030 irrite
1796 2948 1936 3031 decor-

532 3078 676 3186 nendo,
703 3078 905 3162 electiones
929 3078 1069 3162 liberas
1096 3080 1146 3162 ab
1173 3080 1278 3162 omni
1306 3078 1466 3162 seculari
1493 3089 1674 3188 potestate
1709 3079 1932 3190 sanciendo,

527 3211 772 3324 jubendoque
807 3213 961 3296 demum
991 3223 1035 3296 ut
1062 3212 1168 3295 nulla
1195 3211 1445 3295 ecclesiastica
1467 3237 1627 3324 persona
1665 3211 1749 3296 loro
1785 3223 1936 3324 ternpo-

531 3345 602 3431 rali
621 3347 660 3429 in
679 3372 920 3458 quacumque
937 3373 1053 3430 causa
1071 3347 1298 3456 respondere
1316 3345 1463 3429 debeat.

612 3565 727 3644 (lldldtt
741 3565 898 3642 ennom,
913 3561 962 3625 Ad
973 3564 1047 3624 [list
1063 3563 1130 3625 abb.
1148 3565 1261 3626 Cassio.
1275 3565 1460 3634 accudcaer,
1475 3579 1544 3640 pars
1556 3563 1601 3633 ll,
1621 3580 1652 3641 p.
1674 3571 1822 3636 ἰιι-ηις
1842 3579 1934 3642 qnam

648 3673 767 3750 quldem
780 3673 891 3734 bullam
905 3671 974 3732 icolt
986 3673 1124 3733 annotul
1138 3672 1272 3734 Clemens
1285 3686 1361 3748 papa
1374 3670 1624 3748 quartustnanno
1642 3677 1729 3744 tuot,
1745 3670 1933 3747 pontlileatns

648 3782 694 3842 sul
715 3781 817 3854 tertie,
840 3783 946 3856 qnlnto
965 3778 1079 3839 declmo
1099 3779 1147 3839 dte
1164 3778 1301 3839 octobris.
1322 3775 1396 3838 Coll.
1420 3793 1487 3836 oum
1508 3776 1574 3837 cod.
1599 3777 1676 3838 Bibl.
1699 3777 1796 3837 Cesar.
1821 3778 1930 3850 Paris„

647 3899 680 3950 ιιο
692 3896 782 3966 4089,
797 3898 830 3947 n·
843 3895 898 3961 ²²3
912 3887 990 3948 nndc
1000 3902 1064 3947 eam
1077 3883 1210 3946 exblbult
1224 3887 1357 3956 librans,
1371 3882 1475 3944 Καίτοι·
1486 3881 1602 3943 Friedn
1613 3883 1654 3962 II,
1665 3884 1805 3964 append„
1816 3894 1851 3944 n·
1866 3883 1929 3962 ιι.)

576 4077 795 4151 Innocentius
808 4075 1003 4172 episcopus,
1014 4095 1135 4146 servus
1148 4093 1327 4146 servorum
1342 4073 1417 4160 Ilei,
1429 4072 1475 4143 ad
1487 4071 1742 4144 observantiam
1756 4079 1791 4142 et
1804 4092 1933 4143 memo-

528 4203 613 4276 riam
631 4199 888 4299 perpetuam.A
902 4199 1025 4272 diebus
1037 4198 1209 4271 Frederici
1223 4196 1353 4269 alumni
1370 4197 1522 4289 nequitie
1537 4195 1843 4288 quasillntichristi
1855 4217 1932 4289 pre·

527 4327 656 4418 nuntii,
677 4325 791 4398 Sicilie
808 4346 952 4418 regnum
977 4324 1045 4397 vim
1063 4323 1192 4419 patitur
1208 4332 1243 4394 et
1258 4321 1404 4394 ministri
1423 4323 1498 4416 ejus
1518 4320 1720 4415 predatione
1735 4319 1822 4392 illud
1845 4320 1929 4392 diri·

527 4453 626 4550 piunt
645 4451 814 4538 violanta3
840 4470 921 4522 nam
945 4459 984 4520 ιιι
1008 4447 1078 4521 vite
1108 4469 1330 4520 succursum
1362 4446 1578 4539 breviloquio
1600 4455 1872 4517 transcurramus
1894 4455 1931 4517 ot

525 4577 664 4667 longam
681 4595 922 4668 perversorum
935 4583 1077 4645 actuum
1090 4573 1164 4664 ejus
1182 4571 1285 4644 telam
1298 4569 1543 4666 compendiosa
1556 4569 1742 4642 verborum
1758 4568 1846 4641 serie
1864 4567 1929 4642 de·

565 4763 607 4846 (a)
630 4763 666 4826 ln
679 4763 831 4848 codbibl.
845 4761 1018 4830 Goellerblt.
1032 4777 1140 4825 nonen
1156 4761 1214 4824 loct
1227 4763 1268 4822 tto
1284 4764 1423 4824 moretm
1434 4759 1610 4836 Βαωιιιιιιιι,
1629 4757 1676 4822 vel
1689 4759 1870 4840 hujusmodl.
