4318 5904
709 574 836 636 lubuit
860 573 1209 636 DOCUMENTORUM.

251 777 389 901 -1-2-52

678 902 828 979 querelam
845 903 959 964 abbatis
970 901 1093 963 Sanctae
1112 901 1221 962 Elenae
1240 907 1343 961 contra
1356 900 1469 962 iulium
1483 898 1520 960 de
1532 900 1669 978 Anglcua

678 1007 840 1074 porrectum
857 1015 946 1077 super
962 999 1108 1059 7777111777
1127 999 1312 1059 1177117771νὶ
1332 1004 1363 1058 71
1378 998 1551 1071 Τ77717711,
1570 1001 1669 1058 omnia

678 1097 710 1154 ln
723 1101 832 1156 statum
846 1098 1003 1172 pristinum
1016 1100 1171 1167 revocent,
1187 1101 1217 1154 et
1230 1110 1350 1155 causam
1365 1095 1492 1172 legitime
1505 1094 1668 1154 discussam

678 1193 1039 1252 terminentetdeeidaut.
1608 1197 1667 1251 774

277 1291 365 1350 mmo.
444 1287 583 1366 Poggius.
639 1319 678 1332 ·-
695 1287 744 1348 Ad
770 1290 1008 1366 supplicationem
1043 1288 1184 1349 Ludovlcl
1219 1289 1405 1366 primogeniti
1442 1287 1558 1348 0117717
1584 1287 1667 1347 ducis

678 1384 843 1463 Bawariae,
863 1390 1038 1446 sententiam
1057 1387 1114 1445 iert
1136 1391 1170 1445 ut
1192 1385 1230 1445 ad
1247 1385 1479 1445 observationem
1501 1383 1667 1462 fidejussio-

677 1498 750 1542 num
767 1501 801 1542 ac
818 1487 987 1543 cautionum
1005 1483 1119 1544 civibus
1134 1483 1415 1561 warmatiensibus,
1431 1488 1512 1543 mein
1528 1498 1666 1559 personae

676 1595 746 1640 suae
759 1583 976 1657 praestiturum,
991 1581 1159 1641 nullatenus
1174 1586 1318 1640 teneatur.
1609 1588 1665 1640 788

276 1673 368 1749 [maio
408 1715 620 1736 .......
637 1707 677 1722 ·-
696 1677 769 1755 Regi
786 1675 929 1738 Castaliae
946 1679 1134 1754 conqueritur
1152 1677 1190 1736 de
1209 1692 1285 1752 papa
1303 1675 1356 1754 qui
1377 1675 1431 1734 sibi
1451 1674 1562 1735 bellum
1584 1674 1666 1734 inie-

298 1772 346 1830 vei
676 1790 743 1834 rens
756 1775 924 1834 discrimina
938 1777 1043 1836 Terrae
1059 1773 1182 1835 Sanctae
1196 1789 1255 1832 non
1269 1773 1401 1850 permisit
1414 1773 1533 1842 evitari,
1550 1779 1665 1832 monet·

265 1864 377 1949 lunio]
676 1887 735 1948 quc
749 1888 779 1932 se
793 1871 894 1932 audito
907 1888 978 1932 casu
992 1874 1069 1949 regis
1083 1873 1279 1944 Francorum,
1295 1871 1327 1928 17
1339 1884 1428 1946 regno
1441 1868 1557 1929 Siclliae
1569 1885 1664 1929 rema-

675 1984 757 2036 nere,
773 1969 852 2028 unde
865 1969 959 2028 eidem
974 1969 1035 2046 regi
1048 1967 1178 2029 subsidia
1191 1967 1306 2026 facilius
1319 1967 1506 2026 transmittat.
1606 1974 1663 2028 779

275 2062 366 2136 [mmo
407 2100 620 2120 .......
639 2099 676 2109 -
696 2065 820 2127 Vatacio
833 2067 1010 2128 craecorum
1025 2068 1194 2142 imperatori
1210 2081 1316 2144 genero
1333 2081 1388 2125 suo
1400 2065 1565 2142 respondet,
1576 2067 1664 2125 ruira-

295 2161 344 2220 vei
676 2169 725 2224 tus
738 2164 818 2240 quod
833 2181 907 2241 papa
923 2165 960 2224 ad
975 2182 1043 2224 eum
1061 2164 1166 2223 iratres
1179 2163 1396 2223 Praedicatores
1414 2168 1443 2222 et
1462 2162 1589 2222 Minores
1608 2162 1663 2222 sub

264 2254 377 2331 junio]
677 2262 825 2338 religionis
851 2268 1002 2339 praetextu
1034 2264 1161 2331 miserit;
1190 2259 1269 2320 unde
1300 2275 1392 2336 papae
1423 2265 1454 2318 et
1479 2259 1664 2320 sacerdotum

675 2354 792 2415 baudus
804 2358 1010 2416 etinimicitias
1028 2359 1133 2415 acriter
1152 2360 1181 2414 et
1200 2352 1265 2413 iuss
1284 2369 1469 2431 memorans,
1487 2352 1567 2412 dolet
1584 2354 1663 2429 quod

675 2454 737 2528 ipse
758 2454 883 2513 Vataces
903 2453 941 2513 ad
959 2451 1126 2529 poniificem
1147 2451 1360 2511 ambassiatores
1382 2451 1530 2509 remittere
1556 2452 1661 2511 volue-

674 2551 727 2626 rit,
742 2557 798 2611 etc.
1603 2557 1661 2610 771

249 2643 385 2716 telonii.
431 2656 467 2715 111
480 2659 593 2733 ampla
635 2679 675 2690 -
694 2649 790 2708 Fratri
811 2646 967 2706 Benedicto
990 2648 1171 2722 procuratori
1192 2645 1335 2704 bonorum
1355 2643 1505 2721 qnondam
1526 2643 1604 2703 Petri
1624 2645 1661 2704 de

469 2770 559 2830 prope
675 2742 768 2803 Vinea
785 2745 939 2820 proditoris
957 2744 1080 2803 mandat
1097 2743 1177 2819 quod
1195 2742 1372 2801 monasterio
1389 2740 1555 2800 cassinensi
1574 2743 1662 2799 resti-

422 2847 595 2911 Biaaoelam,
673 2845 738 2900 tuat
751 2840 909 2916 quamdam
925 2842 1032 2916 peilam
1045 2844 1138 2898 terrae
1151 2853 1241 2915 quam
1255 2837 1393 2897 Nicolaus
1405 2835 1533 2896 Ruiulus
1547 2837 1661 2896 dudum

571 2952 577 2976 ³
674 2939 813 3013 magister
829 2939 1005 2996 camerarius
1027 2937 1134 2996 Terrae
1147 2935 1268 2996 Laboris
1285 2933 1381 2993 eidem
1398 2934 1574 2992 monasterio
1589 2935 1660 2992 resl-

674 3040 825 3112 gnaverat.
1602 3038 1658 3090 777

263 3129 376 3214 [lullo]
432 3135 590 3215 lncampis
634 3164 675 3177 —
693 3131 905 3192 conventiones
922 3137 952 3189 et
969 3136 1055 3206 pacta
1071 3145 1123 3206 per
1140 3129 1323 3190 Gualterlum
1346 3127 1384 3187 dc
1403 3128 1507 3188 Palear
1524 3129 1660 3187 comitem

410 3249 501 3310 prope
512 3235 609 3296 lacum
673 3228 710 3286 de
724 3228 892 3303 Manupello
905 3235 934 3287 et
950 3230 1025 3286 sacri
1042 3228 1155 3302 imperil
1173 3228 1203 3285 in
1222 3226 1355 3286 Marchia
1371 3227 1514 3285 vicarium
1534 3241 1661 3302 genere-

430 3329 584 3390 Pensilem.
674 3326 731 3384 lem
745 3327 856 3385 civitati
873 3327 1036 3385 Permanae
1048 3323 1125 3383 iacta
1137 3324 1305 3385 confirmat.
1602 3331 1659 3382 779

251 3429 288 3480 18
305 3421 384 3499 julli.
431 3429 465 3486 lu
479 3430 592 3504 campis
635 3453 674 3467 -
693 3423 858 3483 lustitiario
871 3423 1059 3498 capitanatae
1077 3421 1198 3480 mandat
1219 3427 1252 3480 ut
1267 3421 1389 3481 domum
1404 3419 1504 3480 Sancti
1517 3420 1660 3480 iohannis

413 3539 503 3600 prope
515 3524 610 3585 lacum
673 3519 907 3592 17777711711771,
917 3521 1125 3579 monasterium
1135 3518 1382 3596 MontisVlrgluls
1391 3524 1421 3577 et
1430 3518 1552 3578 domum
1561 3517 1660 3577 Sancti

431 3622 588 3685 Pensilcm.
672 3618 823 3694 Sepulchri
835 3621 867 3677 ln
880 3617 1111 3694 possessionibus
1125 3619 1185 3676 suis
1199 3617 1277 3693 apud
1294 3618 1415 3693 Troiam
1435 3633 1495 3675 non
1510 3615 1659 3688 molestet,

674 3715 789 3774 nullum
807 3720 905 3774 177777
925 3713 1103 3774 monachum
1126 3712 1172 3774 vel
1192 3712 1367 3774 coniratrem
1387 3713 1424 3772 de
1442 3714 1531 3790 Troia
1553 3715 1660 3774 oriun-

673 3812 744 3871 dum
757 3811 866 3871 ibidem
880 3827 1027 3870 remanere
1041 3812 1248 3885 permissurus.
1603 3819 1656 3870 781

273 3902 364 3978 [urea
403 3950 617 3974 .......
633 3939 674 3951 ·-
693 3908 798 3967 comiti
813 3908 963 3968 Gualterio
977 3907 1013 3965 (17
1026 3906 1195 3982 Manupelio
1209 3908 1241 3964 ln
1253 3906 1387 3965 biarchis
1399 3907 1551 3980 capitaneo
1565 3912 1661 3981 grates

247 4000 381 4078 lulium]
673 4008 734 4083 agit
747 4006 784 4064 (17
801 4005 961 4064 redditione
974 4006 1101 4063 civitatis
1116 4005 1222 4080 Firmi,
1239 4021 1362 4064 monens
1375 4005 1454 4080 quod
1466 4006 1564 4079 ipsum
1577 4003 1615 4062 ad
1629 4019 1661 4063 se

672 4115 807 4160 revocare
820 4117 879 4159 uon
894 4103 1029 4177 proponit
1046 4100 1139 4159 donec
1155 4099 1271 4176 plenam
1285 4101 1321 4159 de
1339 4099 1495 4159 rebellibus
1508 4101 1661 4160 uictoriam

671 4194 822 4268 habuerit,
838 4204 895 4256 etc.
1602 4205 1661 4256 '182

277 4285 364 4371 [circa
403 4337 412 4357 .
436 4339 444 4355 .
468 4339 506 4357 ..
533 4341 541 4358 .
571 4341 579 4358 .
609 4324 672 4358 .-
693 4293 1179 4368 Vataeiocraecorumimperatorl
1193 4293 1467 4368 nuntiatquomodo
1480 4293 1660 4353 7171177117·-

249 4384 380 4469 august]
673 4406 760 4450 mana
774 4406 805 4450 se
817 4392 856 4450 ad
870 4390 958 4450 iidem
973 4391 1087 4466 imperii
1104 4392 1280 4450 couverterit
1293 4396 1322 4448 et
1335 4392 1433 4449 omniu
1447 4397 1511 4449 tum
1530 4393 1563 4450 in
1577 4389 1662 4450 Italia

673 4489 822 4563 superiori,
838 4493 902 4546 tum
916 4491 947 4546 in
961 4487 1137 4546 Alamannia
1150 4487 1206 4545 71171
1221 4503 1358 4561 prospere
1371 4488 1540 4546 succedant.
1603 4494 1661 4545 790

269 4575 370 4659 [sept]
403 4623 444 4642 ..
470 4626 476 4643 .
500 4625 509 4643 .
535 4626 543 4644 .
568 4629 577 4645 .
609 4616 673 4644 .-
691 4583 794 4642 Eidem
807 4583 929 4643 Vataclo
947 4590 1052 4642 notum
1069 4583 1141 4641 iacit
1155 4581 1301 4658 quomodo
1326 4585 1424 4642 omnia
1448 4583 1503 4642 sibi
1526 4599 1663 4660 prospere

672 4682 840 4754 succedant,
857 4682 928 4742 dum
943 4681 1043 4741 ildeles
1055 4683 1100 4740 sul
1116 4682 1255 4740 victorias
1266 4679 1302 4740 de
1315 4680 1473 4741 rebellibus
1487 4683 1549 4742 suls
1562 4698 1661 4758 repor-
