4306 5914
221 580 323 642 tamar.
339 577 386 662 a]
674 575 875 638 utstottltt
899 574 1201 640 clanculariae.
1579 577 1641 640 649

222 714 289 788 dus
302 716 341 787 in
363 735 511 808 regnum
526 711 610 784 rllnc
625 711 700 784 Deo
719 710 809 784 duca
827 712 1044 808 pervenerit,
1063 724 1134 786 tam
1152 712 1349 786 inconsulta
1364 713 1508 786 vesania
1526 713 1641 788 eidem

220 839 260 912 1².
277 838 431 912 tennerit
443 837 602 931 alligatos
616 844 658 908 ut
670 835 906 932 potiusvelint
919 846 1085 930 tanquam
1098 838 1189 910 servi
1200 837 1266 910 sub
1278 837 1387 934 ipsius
1397 837 1513 934 perire
1526 849 1643 934 tyran·

220 963 305 1036 uide
321 984 428 1058 quam
448 961 496 1034 ad
516 960 686 1034 libertatis
706 959 858 1054 gloriosa
883 960 1016 1058 premia
1040 960 1228 1034 redeuntes
1243 962 1280 1034 in
1297 961 1376 1034 sinu
1396 961 1505 1034 libere
1522 963 1643 1036 matris

220 1109 304 1161 cram
314 1086 395 1160 tiliis
410 1085 600 1177 contineri;
615 1084 726 1158 sciant
742 1105 903 1176 exnunc,
914 1106 960 1157 ne
975 1085 1011 1156 in
1027 1095 1205 1181 posterum
1221 1085 1374 1158 habeant
1386 1108 1434 1158 ax
1446 1086 1642 1178 ignorantie

221 1211 431 1305 allegatione
446 1210 652 1307 presidium,
670 1231 708 1282 se
723 1209 752 1280 si
768 1209 898 1282 tuerint
910 1210 1068 1283 civitates
1082 1212 1139 1284 vel
1153 1210 1282 1306 oppida
1291 1209 1480 1306 privilegiis
1490 1211 1642 1286 ethono-

220 1335 319 1408 ribus
337 1335 518 1408 animuum
535 1344 572 1407 et
586 1333 862 1406 immunitatibus
880 1333 1173 1428 quibuscumque,
1194 1335 1224 1405 si
1248 1335 1392 1407 comites
1415 1343 1478 1407 aut
1492 1335 1643 1410 barones

220 1461 280 1532 rel
290 1461 554 1554 qualescunque
565 1458 623 1532 alii
637 1457 776 1530 militari
790 1457 923 1532 bonore
939 1458 1095 1531 decorati
1110 1481 1172 1532 seu
1188 1459 1336 1552 quilibet
1350 1459 1409 1531 elii
1421 1459 1500 1532 laici
1512 1460 1639 1552 leudis,

216 1583 359 1676 jnribm
377 1604 423 1654 ac
444 1583 569 1656 ceteris
589 1582 839 1678 temporalibus
857 1582 959 1654 bonis
981 1583 1071 1672 suis,
1088 1582 1118 1654 si
1133 1592 1253 1656 autem
1268 1581 1386 1656 clerici
1403 1584 1644 1660 ecclesiasticis

220 1707 453 1802 dignitatibus
465 1717 502 1780 et
519 1705 697 1780 beneficiis
711 1727 777 1802 pro
793 1729 855 1780 sue
870 1707 1072 1780 rebellionis
1089 1728 1131 1780 ac
1147 1705 1293 1802 perfidie
1308 1707 1499 1803 pertinacia
1515 1731 1642 1805 perpe·

221 1843 284 1906 tno
299 1832 480 1928 spoliatos.
500 1832 650 1925 Dignum
667 1838 720 1903 est
740 1831 834 1903 anim
856 1840 896 1902 ut
919 1830 1025 1925 digna
1048 1830 1283 1904 retributionis
1306 1842 1565 1926 consequantur
1579 1834 1642 1906 sti·

221 1955 355 2052 pendia
365 1977 436 2029 nna
447 1956 589 2028 cnmsui
602 1964 726 2028 autore
739 1954 884 2050 periculi
894 1957 967 2048 ιἰιιιι
980 1955 1190 2051 dampnato,
1203 1955 1436 2048 quieumDeo
1450 1957 1643 2052 postposito

219 2103 322 2156 snam
337 2081 555 2155 constituunt
569 2081 777 2176 portionem.
796 2082 841 2154 Et
855 2090 896 2153 nt
911 2081 1048 2177 plenius
1061 2090 1253 2174 agnoscant
1268 2102 1369 2152 sunm
1386 2102 1434 2152 ex
1449 2102 1541 2175 pena
1557 2103 1641 2176 poc·

219 2217 358 2297 catum,
374 2209 468 2279 lame
482 2206 609 2279 dacore
618 2205 775 2277 mulctati
790 2204 984 2278 reddantur
999 2206 1139 2279 inlamie
1153 2214 1321 2302 perpetue
1337 2205 1493 2278 indecori
1507 2216 1546 2279 ut
1562 2215 1641 2280 tan·

219 2352 328 2427 quam
342 2330 512 2422 illegitimi
526 2351 546 2401 a
561 2329 723 2423 legitimis
735 2330 872 2402 actibus
882 2330 987 2402 alieni
1000 2331 1047 2403 ad
1059 2329 1294 2402 testimonium
1306 2331 1506 2404 nullatenus
1519 2331 1644 2406 admit·

219 2463 343 2527 tantur
361 2463 396 2526 et
413 2452 627 2528 intestabiles
646 2454 727 2526 lacti
749 2453 859 2528 libera
880 2461 1167 2528 testamentorum
1188 2465 1330 2526 careant
1346 2455 1495 2528 tectione
1513 2477 1580 2528 nec
1595 2457 1644 2530 ad

218 2578 461 2652 snccemiones
483 2577 665 2651 accedant.
688 2578 794 2650 Porro
815 2599 922 2652 nemo
948 2578 1014 2651 sibi
1036 2579 1080 2652 de
1095 2579 1309 2671 benignitate
1326 2579 1427 2653 Sedis
1442 2579 1642 2674 Apostolica

217 2703 424 2776 blandiatur
443 2703 540 2797 quod
564 2712 647 2774 tunc
669 2703 781 2775 solum
792 2723 873 2774 cnm
888 2725 1084 2798 repugnare
1099 2725 1170 2776 non
1185 2713 1367 2799 poterunt,
1385 2705 1431 2777 ad
1448 2704 1556 2800 ipsius
1570 2708 1642 2780 cle·

217 2829 389 2902 mendam
416 2834 636 2902 roeurrentes
664 2826 892 2899 restitutionis
917 2837 1061 2922 possent
1089 2827 1361 2899 misericordiam
1384 2828 1560 2919 invenire,
1577 2829 1642 2903 sad

217 2953 381 3048 quisquis
394 2950 568 3024 manate
581 2949 781 3023 rebellionis
792 2951 931 3046 culpam
948 2951 1644 3048 admiseritcertissimenoveritqnodpor

216 3099 335 3152 seram
352 3075 580 3171 penitentiam
594 3075 819 3147 restitutionis
833 3075 971 3148 veniam
986 3095 1058 3148 non
1075 3076 1231 3162 babebit,
1250 3075 1333 3168 quia
1348 3077 1503 3170 ergabos
1510 3077 1642 3150 miseri·

217 3201 375 3274 corditer
390 3200 515 3292 rigebit
531 3198 617 3291 justi
636 3198 819 3293 disciplina
841 3199 971 3292 rigoris
983 3199 1030 3271 ad
1048 3208 1216 3272 terrorem
1229 3199 1393 3271 similium
1411 3200 1447 3272 in
1463 3202 1637 3292 buturum,

216 3325 350 3422 quibus
378 3323 565 3397 crudeliter
592 3323 728 3395 indulta
756 3323 939 3396 clementia
959 3322 1230 3420 presumptionis
1251 3334 1390 3419 pareret
1409 3325 1636 3398 incentivum.

216 3448 665 3544 btmtmsitaliumculpam
672 3446 1640 3544 contingeretbeneticientia,quodabsit‚velimpunitate

217 3573 366 3666 nutriri,
376 3574 550 3646 bonorum
563 3572 675 3645 virtus
687 3571 724 3642 in
739 3571 949 3667 improperio
963 3581 1183 3666 contemptus
1199 3572 1410 3666 exprobrata
1423 3571 1589 3646 deficeret
1605 3584 1641 3646 et

217 3700 394 3772 malornm
410 3698 516 3769 latius
529 3717 637 3791 mam
652 3696 825 3768 bonorum
842 3695 878 3767 in
894 3696 1082 3790 perniciem
1099 3697 1276 3791 publicam
1298 3697 1502 3770 laxarentur
1517 3719 1639 3770 exem·

216 3825 292 3920 pla.
322 3822 360 3894 Si
387 3843 474 3895 reno
500 3821 681 3894 bominum
705 3820 903 3914 aliquarum
925 3820 1104 3892 civitatum
1130 3822 1187 3893 vel
1213 3823 1368 3894 locorum
1391 3822 1489 3914 regni
1515 3822 1639 3916 prelati

216 3947 337 4020 adbuc
350 3945 564 4043 persecutori
578 3943 731 4016 Ecclesia
744 3942 986 4015 adherentium
1000 3944 1169 4015 Dominus
1184 3945 1291 4016 corda
1309 3944 1459 4036 tetigerit
1469 3954 1508 4016 ut
1513 3947 1639 4038 jugum

216 4091 368 4154 onerose
389 4069 584 4165 tyrannidis
603 4075 639 4139 et
659 4076 832 4162 sceptrum
849 4067 1052 4140 insatiabilis
1066 4068 1478 4140 exactorisacervicibus
1491 4069 1640 4163 propriis

216 4193 451 4290 deponentes,
469 4201 682 4284 consurgant
703 4213 785 4263 cum
807 4190 962 4266 Ecclesia
980 4200 1144 4286 stentque
1159 4191 1310 4265 fideliter
1325 4193 1494 4265 adversus
1509 4192 1638 4286 iniqui·

216 4320 299 4392 tatis
325 4317 437 4391 lilium
464 4319 566 4410 cnjus
589 4337 715 4390 manus
738 4325 859 4388 contra
886 4337 1008 4390 omnes
1034 4325 1105 4408 est,
1135 4316 1393 4411 propterquod
1413 4313 1487 4387 tien'
1507 4315 1639 4388 debant

216 4465 344 4518 manns
366 4442 523 4515 omnium
542 4451 663 4514 contra
687 4461 783 4530 enm,
799 4462 871 4514 non
895 4442 1008 4513 solum
1031 4441 1082 4512 eis
1104 4449 1269 4512 statutam
1293 4439 1456 4512 euntibus
1475 4439 1512 4510 in
1532 4441 1639 4513 Terre

217 4569 344 4641 Sancte
355 4566 549 4640 subsidium
562 4565 814 4657 indulgentiam
828 4565 1015 4657 elargimur
1026 4564 1190 4656 illamque
1203 4564 1456 4658 plenitudinem
1470 4575 1639 4661 perpetue

217 4691 391 4766 libertatis
413 4711 486 4786 qna
505 4689 632 4766 florent
650 4689 804 4762 Ecclesia
818 4687 880 4761 lilii
896 4689 1069 4784 inexperti
1081 4688 1218 4761 servilis
1231 4688 1375 4780 injurie,
1395 4689 1578 4762 statuimus
1600 4690 1634 4762 in
