4306 5914
497 573 559 636 666
995 563 1209 638 6666666666
1232 573 1406 639 6666666
1710 578 1794 660 [an.
1811 580 1897 644 6666.

497 719 534 782 66
545 709 704 784 stabilem
715 707 1081 807 firmitatem,presens
1096 711 1261 808 seriptum
1279 733 1345 808 por
1359 711 1539 786 Nicolaum
1555 711 1601 786 de
1617 713 1729 788 116666
1738 712 1789 812 (6)
1802 723 1900 788 nota·

496 833 587 905 rium
603 844 639 907 et
652 832 790 908 fidelem
807 845 964 910 nostrum
977 836 1081 910 scribi
1100 845 1136 910 66
1156 837 1267 930 sigillo
1287 836 1476 930 majestatis
1488 848 1605 911 nostre
1620 839 1788 932 jussimus
1805 861 1899 914 com·

499 957 636 1030 muniri.

544 1084 670 1160 Datum
684 1083 849 1157 Vercellis
862 1105 1061 1180 parmenus
1074 1085 1228 1178 magistri
1241 1085 1332 1159 Petri
1347 1085 1393 1158 de
1404 1085 1512 1159 111666
1526 1085 1714 1182 imperialis
1725 1088 1805 1162 aule
1819 1111 1898 1185 pro·

497 1208 658 1281 6666666ἱί
674 1217 710 1280 66
731 1209 829 1301 regni
855 1209 969 1284 Sicilie
991 1210 1184 1302 logothete,
1207 1231 1300 1283 anno
1323 1209 1497 1282 dominice
1523 1211 1768 1284 incarnationis
1789 1213 1901 1286 mille-

496 1333 583 1406 simo
597 1333 834 1406 ducentesimo
848 1334 1113 1428 quadragesimo
1127 1345 1265 1428 octavo,
1280 1357 1398 1408 mense
1411 1335 1624 1429 novembris,
1635 1337 1781 1432 septime
1794 1337 1901 1411 indic·

497 1457 612 1530 tionis.

545 1581 756 1656 Collationne
781 1605 845 1679 666
869 1605 958 1656 6666
982 1605 1142 1681 escuyer,
1164 1583 1348 1657 conseiller
1370 1583 1553 1656 6666666166
1579 1583 1628 1658 616
1650 1607 1727 1682 roy,
1745 1586 1897 1678 maison,

496 1726 673 1778 couronne
687 1707 732 1779 de
747 1709 889 1800 France,
906 1709 1045 1802 greffier
1059 1731 1104 1783 en
1119 1709 1203 1782 chel
1214 1731 1260 1782 on
1275 1710 1309 1782 la
1324 1707 1488 1780 chambre
1501 1708 1565 1782 6166
1576 1709 1735 1806 Comptes
1748 1711 1794 1784 dc
1809 1713 1901 1785 Dau-

496 1831 615 1929 phine.
633 1873 682 1889 —
698 1834 870 1928 1116616166.

321 2525 351 2558 ,ο
435 2541 442 2560 ⁶
549 2439 781 2549 Fridericus‚
812 2441 1068 2526 Romanorum
1097 2442 1320 2552 imperator,
1351 2442 1558 2526 camerario
1590 2441 1774 2552 Guigonis
1803 2441 1901 2525 1161-

498 2575 605 2685 616161
630 2576 851 2658 Viennensis
873 2576 923 2660 616
949 2576 1186 2660 devotionem
1211 2575 1293 2686 ejus
1318 2586 1354 2659 et
1381 2586 1489 2685 grata
1518 2576 1668 2660 servitia
1695 2576 1744 2658 de
1771 2601 1900 2659 annuo

498 2709 612 2792 leudo
647 2708 865 2819 quindecim
890 2709 1091 2793 unciarum
1119 2709 1202 2791 auri
1228 2709 1555 2818 percipiendarum
1580 2711 1629 2793 de
1654 2735 1804 2794 onmem
1828 2735 1899 2792 sua

499 2841 660 2954 singulis
678 2842 788 2925 annis
806 2843 846 2926 16
864 2842 960 2926 festo
978 2841 1272 2928 llesurreetionis
1289 2841 1508 2926 Dominicae
1529 2843 1712 2954 providet.

409 3031 417 3047 ·
548 3157 551 3162 ,
578 3076 1896 3167 (16661666.661166611661661666611161.06666.Ρ6616.,Ρ6666666161’1166.61611ω61.,

615 3199 637 3254 t,
653 3193 694 3273 11,
708 3207 777 3271 pars
790 3209 862 3266 666..
876 3191 929 3270 iol,
947 3200 1054 3273 666-6,
1068 3191 1403 3272 6616666611666616166.)

545 3409 760 3500 Fredericus,
777 3408 841 3481 1161
853 3409 964 3502 gratia
978 3409 1212 3482 Romanorum
1228 3407 1416 3503 imperator
1425 3428 1562 3504 semper
1572 3407 1898 3500 66666666166666-

496 3539 564 3608 lem
587 3544 623 3608 et
644 3534 756 3607 Sicilie
774 3555 853 3608 rex.
873 3536 939 3607 Per
963 3533 1030 3606 boc
1058 3555 1199 3629 6666666
1222 3533 1389 3629 scriptum
1412 3541 1534 3607 notum
1560 3532 1705 3606 iacimus
1728 3531 1899 3604 universis

495 3660 631 3757 imperii
657 3659 817 3736 fidelibus
847 3668 917 3731 6666
950 3657 1165 3754 presentibus
1191 3677 1295 3752 quam
1321 3655 1445 3729 futuris
1468 3656 1563 3750 quod
1590 3679 1653 3728 nos
1679 3657 1899 3729 attendentes

495 3782 690 3858 devolionis
714 3779 857 3857 66116161
882 3782 995 3853 zelum
1021 3801 1126 3875 quem
1148 3781 1357 3852 camerarius
1381 3779 1540 3876 Delphini
1554 3780 1758 3852 Viennensis
1782 3781 1899 3852 dilecti

495 3907 742 4001 consanguinei
758 3905 916 3979 6611616116
931 3906 1039 3979 nostri
1052 3904 1156 3978 babet
1174 3925 1255 3998 erga
1271 3904 1458 3997 mejestatis
1473 3915 1590 3977 nostre
1604 3926 1800 4000 personam3
1815 3927 1900 3978 con·

496 4034 687 4110 61616666666
699 4053 837 4126 quoque
851 4039 949 4124 grata
964 4029 1104 4103 servitia
1117 4051 1186 4123 quc
1201 4029 1294 4102 idem
1308 4029 1516 4102 camererius
1532 4029 1671 4101 culmini
1687 4038 1805 4102 nostro
1818 4027 1902 4101 fide·

496 4161 574 4232 liter
592 4157 751 4232 exhibuit
768 4154 950 4245 hactenus,
968 4155 1112 4227 exbibet
1127 4154 1161 4224 in
1179 4153 1330 4249 presenti
1348 4163 1385 4226 66
1404 4153 1569 4224 exhibere
1591 4153 1718 4248 polerit
1739 4154 1775 4225 in
1796 4163 1899 4224 66666

496 4284 664 4379 gratiora,
682 4281 727 4354 de
746 4301 862 4352 annuo
886 4278 991 4350 leudo
1015 4277 1213 4371 quindecim
1239 4277 1417 4349 unciarum
1438 4277 1513 4350 6661
1534 4277 1833 4372 6666161666166666
1853 4277 1901 4350 616

497 4428 634 4484 camera
647 4413 765 4478 nostra
781 4402 924 4495 singulis
944 4403 1043 4474 annis
1060 4403 1096 4474 in
1117 4404 1205 4476 leste
1220 4402 1491 4476 Resurrectionis
1506 4402 1685 4476 Dominice
1701 4401 1767 4475 sibi
1780 4402 1817 4474 in
1830 4401 1900 4476 fide

498 4544 535 4608 et
554 4531 738 4607 devotione
760 4539 878 4602 nostra
898 4527 1095 4624 persistenti
1116 4528 1160 4602 do
1183 4527 1293 4624 gratia
1310 4535 1429 4602 nostra
1446 4526 1611 4604 duximus
1627 4524 1893 4622 providendum.

539 4708 583 4792 (6)
604 4707 640 4772 16
653 4707 752 4772 colim
764 4705 799 4770 616
811 4707 900 4776 Rota,
917 4705 1005 4769 male.
