4310 5908
510 613 573 674 aot
1014 615 1229 679 ruinnaldi
1252 616 1427 680 succum
1730 617 1814 697 [butt.
1833 618 1917 684 1250.

512 746 593 818 licet
606 747 650 820 de
668 749 841 820 frumento
859 750 986 822 salmas
1004 751 1277 845 centumvigiuti
1288 752 1462 847 quinque,
1478 750 1573 844 quod
1584 751 1796 824 frumentum
1810 754 1921 830 dictus

511 871 696 967 episcopus
714 872 845 968 percipi
862 873 994 946 recitet
1012 876 1169 972 percepit
1184 875 1230 948 de
1246 877 1364 948 salmis
1382 876 1547 947 frumenti
1565 875 1749 948 duodecim
1765 888 1802 950 et
1822 878 1921 951 dimi·

511 994 570 1066 dia
597 994 774 1067 seminatis
799 996 835 1067 in
866 997 966 1070 terris
996 1010 1031 1072 et
1055 1000 1245 1072 tenimento
1271 1001 1394 1072 casalis
1420 999 1568 1096 predicti
1597 1001 1720 1072 Sancte
1743 1001 1849 1075 Lucio
1877 1003 1921 1076 ab

512 1119 635 1191 ecdem
659 1119 825 1212 Gregorio
850 1143 914 1217 pro
937 1132 1035 1217 parte
1059 1145 1142 1213 sua;
1169 1124 1252 1195 item
1278 1103 1323 1196 de
1348 1123 1482 1195 hordeo
1505 1123 1631 1194 salmas
1653 1123 1746 1214 X1V3
1771 1123 1855 1196 item
1876 1124 1920 1198 de

513 1244 625 1316 linusa
646 1244 774 1316 salmas
787 1245 850 1317 XV
867 1267 955 1338 quae
974 1247 1112 1318 estimat
1129 1256 1268 1320 tarenos
1286 1245 1487 1339 sexaginta3
1507 1246 1590 1318 item
1610 1246 1654 1319 dc
1672 1246 1756 1319 vino
1776 1247 1921 1320 CLXXX

511 1389 599 1462 quas
615 1368 752 1439 estimat
766 1368 885 1440 uncias
903 1370 1041 1463 triginta
1055 1393 1136 1463 scx;
1154 1371 1239 1443 item
1254 1371 1299 1444 de
1316 1371 1431 1466 porcis
1446 1391 1534 1464 quos
1546 1381 1725 1466 receperat
1737 1370 1922 1462 Gregorius

512 1511 534 1564 a
550 1492 782 1584 burgensibus
798 1493 881 1564 dicti
895 1495 1017 1566 casalis
1032 1473 1166 1568 ratione
1181 1495 1314 1568 decime
1331 1495 1367 1566 in
1383 1516 1476 1568 anno
1491 1494 1613 1590 quinte
1629 1493 1828 1567 indictionis
1842 1493 1922 1566 etin

513 1615 670 1688 custodia
688 1617 841 1712 ipsomm
859 1618 1038 1691 dimiserat
1059 1641 1184 1715 porcos
1199 1619 1382 1714 sexaginta
1403 1618 1447 1692 de
1472 1618 1610 1692 duobus
1622 1618 1723 1691 annis
1739 1619 1816 1690 auri
1832 1631 1920 1692 tare·

512 1763 578 1813 uos
593 1751 742 1835 quatuor
763 1764 827 1837 pro
843 1764 1055 1837 unoquoque
1072 1765 1179 1840 porco
1196 1753 1333 1818 tarenos
1351 1745 1428 1836 LX3
1447 1745 1530 1816 item
1547 1743 1591 1816 de
1614 1743 1707 1838 palia
1718 1743 1813 1815 mille
1836 1743 1922 1816 retia

512 1866 558 1938 ad
573 1866 695 1938 valens
711 1877 848 1940 tarenos
862 1868 1128 1962 quinquaginta.
1152 1871 1237 1942 item
1254 1869 1410 1966 percepit
1423 1881 1459 1940 et
1477 1867 1609 1964 percipi
1623 1868 1706 1940 iecit
1720 1868 1833 1940 dicture
1847 1868 1920 1963 epi·

511 2013 637 2086 scopus
654 2003 844 2086 proventus
860 2002 894 2064 et
910 1992 1069 2065 redditus
1080 2014 1201 2065 omnes
1214 1993 1298 2065 dicti
1312 1993 1435 2066 casalis
1448 2015 1511 2089 per
1524 1993 1646 2065 decem
1664 2013 1813 2084 menses,
1832 2014 1920 2086 quos

512 2117 650 2188 estimat
666 2116 871 2188 unciaeauri
884 2118 1027 2189 XXXIX
1041 2129 1076 2189 et
1094 2127 1233 2192 tarenos
1248 2119 1358 2209 XXV,
1373 2139 1462 2213 quos
1480 2117 1568 2213 petit
1581 2117 1714 2190 restitui
1728 2127 1768 2188 ut
1782 2126 1835 2190 est
1848 2117 1919 2190 dic·

512 2253 598 2312 tum.
625 2241 804 2314 Predictus
830 2252 1034 2337 procurator
1051 2242 1183 2314 domini
1205 2242 1359 2338 episcopi
1377 2243 1474 2314 litem
1490 2241 1718 2314 contestando
1739 2240 1922 2313 confitetur

511 2366 643 2437 dictum
667 2365 867 2461 episcopum
894 2378 929 2438 et
956 2367 1159 2439 Pactensem
1187 2367 1369 2440 ecclesiam
1392 2377 1512 2438 tenere
1543 2377 1579 2439 et
1607 2365 1785 2462 possidere
1809 2366 1919 2438 casale

511 2490 667 2584 Syuagre
683 2511 763 2562 cum
776 2491 919 2585 justitiis
936 2501 971 2563 et
986 2493 1202 2587 pertinentiis
1214 2492 1300 2582 suis,
1316 2502 1352 2563 et
1365 2489 1551 2564 confitetur
1567 2489 1700 2564 dictum
1722 2489 1920 2585 episcopum

511 2623 547 2685 et
560 2624 769 2686 conventum
783 2610 1012 2688 commutasse
1028 2617 1141 2690 casale
1154 2619 1279 2689 Sancte
1295 2616 1399 2688 Lucie
1415 2636 1496 2688 cum
1510 2614 1651 2688 domino
1667 2615 1874 2710 imperatore
1887 2624 1921 2686 et

510 2739 680 2834 recepisse
709 2740 745 2810 in
775 2740 1044 2812 commutatione
1060 2740 1192 2814 dictum
1209 2742 1323 2812 casale
1341 2742 1511 2835 Synagre,
1531 2739 1637 2812 salvis
1659 2738 1921 2833 exceptionibus

510 2863 593 2934 suis.
610 2864 682 2934 Lite
705 2864 812 2956 igitur
834 2885 951 2936 coram
976 2865 1076 2936 nobis
1096 2865 1250 2957 legitime
1267 2873 1479 2955 contestata,
1495 2865 1694 2956 juramento
1712 2863 1920 2935 calumniae

510 2987 759 3081 principatibus
781 2988 918 3077 delato,
940 2988 1023 3061 dato
1045 2988 1192 3060 termino
1214 2988 1261 3060 ad
1279 2988 1518 3083 probandum,
1537 2987 1714 3083 productis
1738 2985 1921 3058 hincinde

508 3111 656 3184 testibus
672 3122 707 3183 et
723 3095 844 3184 eorum
858 3111 960 3184 dictis
973 3112 1007 3184 in
1019 3112 1154 3204 judicio
1169 3112 1374 3207 publicaue,
1399 3112 1496 3183 curia
1513 3112 1617 3206 Fogie
1636 3111 1847 3207 procedente
1862 3109 1921 3182 ubi

504 3235 693 3308 assistebat
712 3237 813 3309 nobis
833 3238 983 3310 Ioannes
1001 3238 1046 3309 de
1059 3238 1257 3309 Marturana
1279 3236 1435 3329 ejusdem
1454 3236 1550 3308 curie
1565 3235 1679 3328 Judex
1694 3257 1775 3307 cum
1794 3234 1921 3326 judici·

509 3358 576 3431 bus
591 3361 817 3454 supradicte,
837 3361 1072 3456 disputatione
1090 3361 1208 3432 habita
1225 3361 1317 3432 inter
1335 3370 1451 3456 partes
1467 3382 1572 3456 super
1590 3360 1742 3432 efficacia
1757 3359 1920 3454 probato·

503 3505 604 3575 rum,
621 3495 808 3580 antequam
823 3485 864 3556 lis
879 3485 1035 3580 predicta
1051 3505 1114 3556 suo
1131 3495 1242 3556 marte
1257 3483 1477 3574 decurreret,
1496 3483 1662 3578 predictis
1683 3483 1827 3556 domino
1849 3482 1921 3576 epi·

503 3632 616 3706 scopo
624 3609 829 3700 etGregorio
837 3609 1004 3682 Mustacio
1016 3608 1246 3681 existentibus
1256 3608 1292 3679 in
1304 3608 1414 3698 curia,
1428 3607 1521 3680 idem
1535 3607 1722 3701 Gregorius
1731 3618 1922 3702 spontanea

507 3737 690 3810 voluntate
701 3754 764 3804 sua
778 3732 933 3828 predicte
948 3732 1120 3825 questioni
1135 3743 1171 3803 et
1186 3732 1237 3803 liti
1251 3742 1344 3804 mote
1357 3753 1477 3804 coram
1489 3731 1591 3803 nobis
1604 3732 1640 3802 iu
1656 3730 1753 3803 curia
1766 3730 1922 3826 predicto

510 3861 637 3934 Iacobo
664 3857 880 3954 procuratori
905 3857 988 3928 dicti
1015 3855 1147 3927 domini
1170 3855 1323 3950 episcopi
1354 3877 1419 3951 pro
1449 3863 1548 3950 perte
1577 3854 1686 3950 ipsius
1713 3852 1924 3926 renuntiavit

511 4004 675 4079 expresse
703 3982 799 4076 quod
821 3980 967 4052 haberet
988 3989 1049 4051 aut
1075 3980 1242 4073 consequi
1266 3988 1384 4074 posset
1411 3988 1531 4050 contra
1557 3978 1718 4050 eumdem
1743 3977 1922 4050 dominum

506 4108 725 4203 episcopum,
756 4104 935 4178 occasione
956 4103 1113 4199 predicte
1135 4101 1327 4195 questionis
1354 4102 1530 4196 proposite
1547 4101 1594 4172 ab
1619 4101 1743 4174 eodem
1759 4098 1922 4192 Gregorio

507 4240 633 4304 contra
650 4239 911 4326 procuratorem
931 4226 1039 4322 ipsius
1060 4224 1192 4297 domini
1217 4225 1370 4321 episcopi
1391 4223 1569 4297 ueletiam
1591 4223 1833 4320 proponendo.
1852 4223 1921 4294 Nos

509 4376 596 4426 vero
621 4352 682 4447 qui
697 4372 802 4447 supra
818 4351 982 4442 magister
1000 4349 1206 4441 justitiarius
1226 4358 1261 4420 et
1281 4347 1435 4440 judices,
1462 4349 1561 4420 nulio
1582 4349 1651 4420 aiio
1672 4346 1716 4420 de
1742 4343 1922 4442 principali

513 4499 617 4552 causa
631 4477 803 4566 discusse,
821 4473 1042 4548 attendentes
1058 4474 1168 4544 solam
1181 4471 1480 4544 renunciationem
1495 4472 1651 4565 ejusdem
1667 4471 1824 4562 Gregorii
1841 4468 1924 4560 iegi-

515 4601 597 4672 time
606 4602 732 4671 iactam
743 4620 859 4669 coram
866 4595 980 4684 nobis,
1001 4606 1041 4669 ut
1056 4596 1285 4691 prescriptum
1301 4607 1367 4685 est,
1386 4595 1518 4667 dictum
1534 4596 1702 4668 Iacobum
1719 4601 1924 4689 procurato·

515 4744 589 4795 rem
606 4721 689 4794 dicti
704 4721 834 4793 domini
850 4720 1002 4814 episcopi
1018 4720 1159 4792 nomine
1172 4719 1280 4816 ipsius
1298 4729 1334 4790 et
1349 4720 1511 4795 eumdem
1527 4720 1707 4795 dominum
1723 4718 1924 4814 episcopum

2128 475 2130 495 i

2129 745 2130 759 t
