4318 5904
797 593 1110 657 abalienabit
1596 591 1668 654 9³7³

246 729 443 842 potestati,
471 726 630 811 consilio
648 737 685 810 et
700 727 963 811 communitati
981 728 1029 810 de
1049 727 1213 810 Cortona
1232 724 1389 807 mandat
1406 723 1510 832 quod
1528 723 1659 807 homi-

248 863 363 947 nibus
384 861 433 944 de
455 859 583 944 Aratio
597 858 785 970 justitiam
806 858 982 943 exhibere
1000 885 1076 943 non
1097 857 1287 942 omittant.

329 1077 426 1157 (Edit.
441 1091 488 1154 ap.
505 1076 593 1137 nani
606 1081 636 1136 ct
649 1077 771 1149 cimici,
787 1076 869 1136 Seria
882 1073 924 1136 δι’
939 1076 1029 1137 mcor.
1044 1077 1078 1135 i'o
1095 1073 1234 1150 rosam,
1252 1079 1276 1135 t.
1292 1071 1348 1146 Vl,
1365 1088 1396 1149 p.
1412 1069 1476 1150 ot.)

297 1266 424 1338 uatum
439 1231 693 1355 meniuviu
709 1263 933 1359 septembris,
954 1262 1216 1335 indictionem.

300 1793 535 1901 Fridericus‚
560 1795 819 1879 Romanorum
849 1792 1078 1901 imperator,
1104 1790 1258 1874 Vatacio
1286 1769 1354 1872 seu
1385 1789 1656 1900 Calojohanni‚

247 1925 466 2036 imperatori
484 1929 714 2009 Graecorum
731 1925 886 2032 illustri,
902 1924 1145 2006 commendat
1162 1922 1368 2031 quemdem
1390 1931 1432 2004 ut
1449 1923 1482 2004 ei
1497 1948 1658 2005 uxorem

245 2070 283 2142 et
299 2058 399 2143 lilios
416 2059 606 2144 remittere
627 2058 736 2164 velit,
756 2057 816 2141 vel
834 2056 1012 2141 eumdem
1035 2056 1075 2137 in
1095 2081 1206 2138 suam
1225 2054 1391 2166 gratiam
1410 2080 1600 2139 revocare.

328 2299 464 2378 (sarcis
478 2300 563 2361 Puri
574 2299 608 2360 o
627 2271 1310 2380 {impeturnill‚oap.xx1x;ooti.eom
1321 2299 1449 2362 codtolb.
1462 2297 1538 2360 cisi.
1554 2299 1653 2362 cerr.

365 2408 473 2486 Parta,
479 2404 572 2486 senili
585 2405 827 2468 Sator-Germani
839 2402 964 2484 setae,
980 2415 1013 2467 n⁰
1027 2415 1096 2479 ⁴55,
1112 2403 1239 2484 etfooda
1250 2405 1458 2478 Notrellame,
1475 2403 1559 2484 202.)

294 2592 387 2665 Scire
404 2603 518 2689 potest
536 2603 652 2666 vestre
673 2593 881 2666 sinceritatis
904 2593 1083 2687 integritas
1103 2593 1217 2687 quod,
1240 2615 1319 2665 cum
1341 2592 1512 2664 internos
1532 2601 1568 2664 et
1589 2614 1663 2700 vos

243 2717 361 2809 vigeat
381 2717 575 2790 devotionis
589 2719 750 2810 allectus,
771 2730 807 2790 et
824 2718 931 2790 vestri
951 2717 1091 2789 honoris
1117 2726 1303 2810 augmenta
1328 2737 1398 2788 non
1415 2715 1529 2788 minus
1546 2738 1661 2809 quam¹

243 2842 383 2938 propria
401 2843 481 2914 totis
499 2864 638 2938 semper
656 2842 838 2948 desideriis
853 2850 1075 2938 appetamus,
1095 2842 1140 2915 ad
1162 2841 1291 2914 nullius
1312 2862 1466 2938 unquam
1487 2841 1661 2935 supplicis

242 2987 424 3038 movemur
444 2967 643 3039 instantiam
658 2967 759 3040 vobis
778 2988 900 3062 preces
915 2967 970 3038 vel
988 2967 1115 3061 scripta
1136 2965 1304 3059 dirigere,
1323 2987 1386 3061 per
1415 2987 1484 3058 que
1508 2965 1650 3038 forsitan

242 3091 299 3161 vel
317 3090 408 3162 lame
425 3100 542 3163 vestre
559 3091 724 3163 minorari
737 3091 901 3186 preconia
919 3092 975 3163 vel
989 3089 1256 3163 honorisvcstri
1274 3089 1408 3181 fastigio
1426 3089 1561 3162 detrahi
1573 3110 1649 3161 cre·

242 3213 421 3306 daremus,
439 3225 559 3310 utpote
578 3215 638 3308 qui
654 3215 783 3289 nostris
803 3215 963 3310 auspiciis
981 3214 1085 3307 adjici
1103 3215 1237 3287 ratione
1259 3215 1430 3310 probabili
1450 3224 1651 3310 reputamus

241 3338 406 3433 quicquid
422 3340 467 3412 de
487 3339 610 3412 vestris
629 3341 812 3412 eventibus
828 3340 872 3412 ile
888 3338 1021 3430 gremio
1037 3359 1202 3434 prospere
1225 3339 1362 3410 sortune
1385 3339 1551 3411 succedit.
1568 3339 1649 3411 Cre·

241 3463 364 3535 dentes
383 3463 488 3556 igitur
511 3516 682 3536 .....
704 3461 844 3536 lidelem
866 3471 1023 3534 nostrum
1049 3461 1193 3554 dignum
1219 3462 1346 3534 nostris
1365 3461 1460 3557 apud
1484 3484 1548 3535 vos
1569 3483 1650 3557 pre·

241 3586 337 3658 cibus
360 3587 536 3681 adjuvari,
553 3587 645 3661 dum
669 3587 752 3660 satis
775 3587 909 3660 dudum
931 3586 1055 3658 vestris
1080 3608 1118 3658 se
1141 3586 1264 3658 asserit
1281 3608 1423 3658 vacasse
1443 3587 1592 3660 servitiis
1614 3596 1650 3660 et

239 3719 391 3782 vestram
409 3712 575 3784 meruisse
591 3712 757 3804 gratiam,
775 3711 886 3803 rogati
902 3732 1015 3805 nuper
1033 3719 1165 3782 attente
1180 3730 1244 3805 pro
1261 3730 1321 3801 eo,
1338 3706 1554 3783 allectionem
1568 3732 1649 3783 ves·

241 3843 328 3906 tram
361 3834 568 3928 requirimus
598 3834 805 3908 fiducialiter
831 3844 866 3907 et
891 3856 1053 3927 rogamus
1078 3844 1272 3927 quatenus,
1298 3834 1327 3906 si
1355 3837 1431 3927 ejus
1454 3855 1562 3929 pones
1584 3855 1648 3906 vos

161 4035 166 4042 ,
237 3959 361 4030 merita
383 3969 502 4032 nostro
521 3960 656 4052 rogatui
678 3981 750 4032 non
773 3959 961 4050 obsistant,
981 3979 1130 4030 uxorem
1155 3969 1191 4030 et
1210 3957 1299 4029 filios
1322 3978 1410 4052 quos
1432 3958 1467 4027 in
1490 3959 1658 4053 partibus¹

237 4081 321 4178 ipsis
342 4081 468 4175 habet,
492 4084 539 4156 ad
559 4084 672 4179 ipsum
693 4083 738 4156 ad
759 4105 903 4180 presens
923 4083 998 4155 sine
1019 4081 1268 4178 impedimento
1287 4082 1508 4154 transfretare
1530 4091 1645 4155 vestra

237 4207 405 4278 serenitas
425 4207 594 4302 patiatur3
616 4208 674 4280 vel
696 4209 724 4278 si
745 4209 862 4280 forsan
889 4207 925 4279 id
948 4206 1109 4299 exigente
1131 4206 1297 4299 qualitate
1316 4204 1450 4299 negocii
1475 4207 1645 4279 voluntati

235 4338 350 4402 vestre
366 4351 437 4402 non
454 4342 634 4422 consonat,
652 4330 802 4404 eundem
819 4340 977 4426 paratum
992 4330 1117 4403 vestris
1131 4328 1291 4402 inherere
1307 4329 1467 4422 servitiis,
1483 4351 1528 4403 ne
1541 4331 1645 4424 culpe

236 4475 297 4526 sue
319 4455 473 4546 gravitas
498 4454 631 4527 aditum
656 4455 838 4551 precludat
865 4455 967 4528 venie
991 4464 1027 4526 et
1053 4453 1342 4527 reconciliationis
1367 4466 1545 4547 unguenta
1570 4477 1644 4528 res·

234 4587 320 4673 puat
337 4588 417 4674 post
439 4588 592 4668 reatum,
608 4579 779 4674 presentis
802 4587 918 4650 nostre
939 4576 1145 4650 hortationis
1168 4577 1313 4651 obtentu
1331 4587 1367 4651 et
1387 4578 1495 4651 nostri
1517 4577 1645 4651 amoris

234 4701 376 4792 intuitu,
392 4701 438 4773 ad
454 4703 562 4774 vestri
580 4702 708 4774 favoris
723 4703 870 4796 gratiam
888 4701 1071 4776 revocetis.

1711 1801 1836 1859 [rupem

1728 1857 1824 1912 low-l
