<?xml version="1.0" encoding="UTF-8"?>
<!DOCTYPE html PUBLIC "-//W3C//DTD XHTML 1.0 Transitional//EN"
    "http://www.w3.org/TR/xhtml1/DTD/xhtml1-transitional.dtd">
<html xmlns="http://www.w3.org/1999/xhtml" xml:lang="en" lang="en">
 <head>
  <title>
</title>
<meta http-equiv="Content-Type" content="text/html;charset=utf-8" />
  <meta name='ocr-system' content='tesseract 3.04.00' />
  <meta name='ocr-capabilities' content='ocr_page ocr_carea ocr_par ocr_line ocrx_word'/>
</head>
<body>
  <div class='ocr_page' id='page_1' title='image "./historiadiploma00fredgoog/historiadiploma00fredgoog_0111.png"; bbox 0 0 4306 5914; ppageno 0'>
   <div class='ocr_carea' id='block_1_1' title="bbox 532 583 1945 680">
    <p class='ocr_par' dir='ltr' id='par_1_1' title="bbox 532 583 1945 680">
     <span class='ocr_line' id='line_1_1' title="bbox 532 583 1945 680; baseline -0.008 -9"><span class='ocrx_word' id='word_1_1' title='bbox 532 597 596 660; x_wconf 75' lang='grc'>646</span> <span class='ocrx_word' id='word_1_2' title='bbox 1034 604 1249 667; x_wconf 84' lang='lat' dir='ltr'>rnrnnnrct</span> <span class='ocrx_word' id='word_1_3' title='bbox 1274 583 1448 667; x_wconf 83' lang='lat' dir='ltr'>succum</span> <span class='ocrx_word' id='word_1_4' title='bbox 1754 601 1837 680; x_wconf 67' lang='lat' dir='ltr'>[aas.</span> <span class='ocrx_word' id='word_1_5' title='bbox 1856 599 1945 660; x_wconf 77' lang='lat' dir='ltr'>resa.</span> 
     </span>
    </p>
   </div>
   <div class='ocr_carea' id='block_1_2' title="bbox 533 735 1949 955">
    <p class='ocr_par' dir='ltr' id='par_1_2' title="bbox 533 735 1949 955">
     <span class='ocr_line' id='line_1_2' title="bbox 533 735 1949 837; baseline 0 -32"><span class='ocrx_word' id='word_1_6' title='bbox 533 756 604 807; x_wconf 94' lang='lat' dir='ltr'>non</span> <span class='ocrx_word' id='word_1_7' title='bbox 622 744 782 831; x_wconf 80' lang='lat' dir='ltr'>oporteat</span> <span class='ocrx_word' id='word_1_8' title='bbox 797 738 946 834; x_wconf 91' lang='lat' dir='ltr'>amplius</span> <span class='ocrx_word' id='word_1_9' title='bbox 959 761 1081 836; x_wconf 91' lang='lat' dir='ltr'>pacem</span> <span class='ocrx_word' id='word_1_10' title='bbox 1098 740 1337 837; x_wconf 75' lang='lat' dir='ltr'><strong>imprudenter</strong></span> <span class='ocrx_word' id='word_1_11' title='bbox 1354 745 1539 834; x_wconf 85' lang='lat' dir='ltr'>expetere,</span> <span class='ocrx_word' id='word_1_12' title='bbox 1555 735 1618 810; x_wconf 91' lang='lat' dir='ltr'>sed</span> <span class='ocrx_word' id='word_1_13' title='bbox 1633 735 1750 832; x_wconf 89' lang='lat' dir='ltr'>potius</span> <span class='ocrx_word' id='word_1_14' title='bbox 1767 743 1949 830; x_wconf 76' lang='lat' dir='ltr'>acceptare</span> 
     </span>
     <span class='ocr_line' id='line_1_3' title="bbox 534 859 691 955; baseline 0.006 -24"><span class='ocrx_word' id='word_1_15' title='bbox 534 859 691 955; x_wconf 88' lang='lat' dir='ltr'>petitam.</span> 
     </span>
    </p>
   </div>
   <div class='ocr_carea' id='block_1_3' title="bbox 377 1400 1948 1512">
    <p class='ocr_par' dir='ltr' id='par_1_3' title="bbox 377 1400 1948 1512">
     <span class='ocr_line' id='line_1_4' title="bbox 377 1400 1948 1512; baseline 0.008 -38"><span class='ocrx_word' id='word_1_16' title='bbox 377 1413 437 1498; x_wconf 58' lang='lat' dir='ltr'>“qt</span> <span class='ocrx_word' id='word_1_17' title='bbox 465 1431 488 1502; x_wconf 81' lang='lat'>&#39;.</span> <span class='ocrx_word' id='word_1_18' title='bbox 588 1402 830 1486; x_wconf 72' lang='lat' dir='ltr'>Innocentius</span> <span class='ocrx_word' id='word_1_19' title='bbox 856 1427 954 1511; x_wconf 88' lang='lat' dir='ltr'>papa</span> <span class='ocrx_word' id='word_1_20' title='bbox 981 1401 1022 1486; x_wconf 91' lang='lat' dir='ltr'>S.</span> <span class='ocrx_word' id='word_1_21' title='bbox 1054 1403 1213 1486; x_wconf 81' lang='lat' dir='ltr'>Sanctae</span> <span class='ocrx_word' id='word_1_22' title='bbox 1239 1403 1379 1490; x_wconf 86' lang='lat' dir='ltr'>Mariae</span> <span class='ocrx_word' id='word_1_23' title='bbox 1400 1411 1507 1484; x_wconf 73' lang='lat' dir='ltr'>nans</span> <span class='ocrx_word' id='word_1_24' title='bbox 1534 1400 1701 1485; x_wconf 83' lang='lat' dir='ltr'>Tiberim</span> <span class='ocrx_word' id='word_1_25' title='bbox 1727 1401 1948 1512; x_wconf 84' lang='lat' dir='ltr'>presbytero</span> 
     </span>
    </p>
   </div>
   <div class='ocr_carea' id='block_1_4' title="bbox 531 1535 1948 2292">
    <p class='ocr_par' dir='ltr' id='par_1_4' title="bbox 531 1535 1948 2292">
     <span class='ocr_line' id='line_1_5' title="bbox 534 1535 1946 1647; baseline 0 -30"><span class='ocrx_word' id='word_1_26' title='bbox 534 1535 719 1618; x_wconf 80' lang='lat' dir='ltr'>cardinali</span> <span class='ocrx_word' id='word_1_27' title='bbox 747 1537 906 1618; x_wconf 87' lang='lat' dir='ltr'>mandat</span> <span class='ocrx_word' id='word_1_28' title='bbox 934 1537 1039 1646; x_wconf 88' lang='lat' dir='ltr'>quod</span> <span class='ocrx_word' id='word_1_29' title='bbox 1065 1538 1106 1618; x_wconf 92' lang='lat' dir='ltr'>iu</span> <span class='ocrx_word' id='word_1_30' title='bbox 1134 1536 1253 1644; x_wconf 85' lang='lat' dir='ltr'>Urbe,</span> <span class='ocrx_word' id='word_1_31' title='bbox 1282 1536 1490 1647; x_wconf 87' lang='lat' dir='ltr'>Campania</span> <span class='ocrx_word' id='word_1_32' title='bbox 1517 1545 1554 1618; x_wconf 90' lang='lat' dir='ltr'>et</span> <span class='ocrx_word' id='word_1_33' title='bbox 1579 1535 1769 1620; x_wconf 86' lang='lat' dir='ltr'>Maritima</span> <span class='ocrx_word' id='word_1_34' title='bbox 1796 1559 1946 1617; x_wconf 90' lang='lat' dir='ltr'>crucem</span> 
     </span>
     <span class='ocr_line' id='line_1_6' title="bbox 534 1667 1948 1780; baseline 0 -28"><span class='ocrx_word' id='word_1_35' title='bbox 534 1680 666 1752; x_wconf 89' lang='lat' dir='ltr'>contra</span> <span class='ocrx_word' id='word_1_36' title='bbox 708 1669 737 1752; x_wconf 89' lang='lat' dir='ltr'>F</span> <span class='ocrx_word' id='word_1_37' title='bbox 738 1669 941 1753; x_wconf 90' lang='lat' dir='ltr'>riderieum</span> <span class='ocrx_word' id='word_1_38' title='bbox 982 1669 1168 1778; x_wconf 91' lang='lat' dir='ltr'>publicari</span> <span class='ocrx_word' id='word_1_39' title='bbox 1204 1669 1318 1754; x_wconf 85' lang='lat' dir='ltr'>faciat</span> <span class='ocrx_word' id='word_1_40' title='bbox 1354 1680 1552 1780; x_wconf 87' lang='lat' dir='ltr'>totumque</span> <span class='ocrx_word' id='word_1_41' title='bbox 1595 1695 1757 1779; x_wconf 85' lang='lat' dir='ltr'>regnum</span> <span class='ocrx_word' id='word_1_42' title='bbox 1799 1667 1948 1752; x_wconf 87' lang='lat' dir='ltr'>Siciliae</span> 
     </span>
     <span class='ocr_line' id='line_1_7' title="bbox 534 1803 1948 1914; baseline 0.001 -30"><span class='ocrx_word' id='word_1_43' title='bbox 534 1803 741 1888; x_wconf 89' lang='lat' dir='ltr'>monitione</span> <span class='ocrx_word' id='word_1_44' title='bbox 762 1803 915 1913; x_wconf 86' lang='lat' dir='ltr'>praevia</span> <span class='ocrx_word' id='word_1_45' title='bbox 942 1813 1132 1914; x_wconf 88' lang='lat' dir='ltr'>supponat</span> <span class='ocrx_word' id='word_1_46' title='bbox 1154 1805 1372 1912; x_wconf 86' lang='lat' dir='ltr'>interdicto,</span> <span class='ocrx_word' id='word_1_47' title='bbox 1399 1804 1587 1909; x_wconf 79' lang='lat' dir='ltr'>civitatee,</span> <span class='ocrx_word' id='word_1_48' title='bbox 1619 1803 1805 1910; x_wconf 91' lang='lat' dir='ltr'>barones,</span> <span class='ocrx_word' id='word_1_49' title='bbox 1831 1828 1948 1911; x_wconf 90' lang='lat' dir='ltr'>prae-</span> 
     </span>
     <span class='ocr_line' id='line_1_8' title="bbox 532 1934 1944 2048; baseline 0.001 -32"><span class='ocrx_word' id='word_1_50' title='bbox 532 1934 646 2044; x_wconf 89' lang='lat' dir='ltr'>latos,</span> <span class='ocrx_word' id='word_1_51' title='bbox 666 1936 821 2020; x_wconf 89' lang='lat' dir='ltr'>clericos</span> <span class='ocrx_word' id='word_1_52' title='bbox 840 1937 1114 2048; x_wconf 90' lang='lat' dir='ltr'>universosque</span> <span class='ocrx_word' id='word_1_53' title='bbox 1131 1937 1302 2048; x_wconf 89' lang='lat' dir='ltr'>ejusdem</span> <span class='ocrx_word' id='word_1_54' title='bbox 1321 1938 1429 2048; x_wconf 87' lang='lat' dir='ltr'>regni</span> <span class='ocrx_word' id='word_1_55' title='bbox 1452 1937 1574 2020; x_wconf 93' lang='lat' dir='ltr'>eidem</span> <span class='ocrx_word' id='word_1_56' title='bbox 1591 1935 1781 2019; x_wconf 86' lang='lat' dir='ltr'>Fridericc</span> <span class='ocrx_word' id='word_1_57' title='bbox 1802 1936 1944 2018; x_wconf 91' lang='lat' dir='ltr'>adbae-</span> 
     </span>
     <span class='ocr_line' id='line_1_9' title="bbox 532 2069 1946 2182; baseline -0.001 -30"><span class='ocrx_word' id='word_1_58' title='bbox 532 2080 658 2154; x_wconf 87' lang='lat' dir='ltr'>rentes</span> <span class='ocrx_word' id='word_1_59' title='bbox 679 2070 729 2153; x_wconf 90' lang='lat' dir='ltr'>ab</span> <span class='ocrx_word' id='word_1_60' title='bbox 756 2070 862 2154; x_wconf 91' lang='lat' dir='ltr'>omni</span> <span class='ocrx_word' id='word_1_61' title='bbox 884 2071 1089 2182; x_wconf 83' lang='lat' dir='ltr'>dignitate,</span> <span class='ocrx_word' id='word_1_62' title='bbox 1117 2072 1282 2180; x_wconf 91' lang='lat' dir='ltr'>bonore,</span> <span class='ocrx_word' id='word_1_63' title='bbox 1309 2082 1348 2154; x_wconf 89' lang='lat' dir='ltr'>et</span> <span class='ocrx_word' id='word_1_64' title='bbox 1371 2071 1486 2155; x_wconf 92' lang='lat' dir='ltr'>etiam</span> <span class='ocrx_word' id='word_1_65' title='bbox 1511 2069 1611 2154; x_wconf 85' lang='lat' dir='ltr'>cirili</span> <span class='ocrx_word' id='word_1_66' title='bbox 1631 2069 1755 2154; x_wconf 90' lang='lat' dir='ltr'>officio</span> <span class='ocrx_word' id='word_1_67' title='bbox 1778 2069 1946 2179; x_wconf 84' lang='lat' dir='ltr'>privatos</span> 
     </span>
     <span class='ocr_line' id='line_1_10' title="bbox 531 2203 825 2292; baseline 0.02 -6"><span class='ocrx_word' id='word_1_68' title='bbox 531 2203 776 2288; x_wconf 90' lang='lat' dir='ltr'>denuntians.</span> <span class='ocrx_word' id='word_1_69' title='bbox 822 2285 825 2292; x_wconf 84' lang='lat'>.</span> 
     </span>
    </p>
   </div>
   <div class='ocr_carea' id='block_1_5' title="bbox 490 2417 1943 2614">
    <p class='ocr_par' dir='ltr' id='par_1_5' title="bbox 490 2417 1943 2614">
     <span class='ocr_line' id='line_1_11' title="bbox 490 2417 1943 2499; baseline 0.001 -19"><span class='ocrx_word' id='word_1_70' title='bbox 490 2447 493 2452; x_wconf 94' lang='lat'>·</span> <span class='ocrx_word' id='word_1_71' title='bbox 615 2419 716 2498; x_wconf 83' lang='lat' dir='ltr'>(Edld.</span> <span class='ocrx_word' id='word_1_72' title='bbox 737 2420 875 2499; x_wconf 86' lang='grc' dir='ltr'>Ηὸιιιιιι,</span> <span class='ocrx_word' id='word_1_73' title='bbox 896 2419 1003 2481; x_wconf 74' lang='lat' dir='ltr'>dacer</span> <span class='ocrx_word' id='word_1_74' title='bbox 1023 2417 1139 2482; x_wconf 63' lang='lat' dir='ltr'>iliada.</span> <span class='ocrx_word' id='word_1_75' title='bbox 1163 2419 1209 2493; x_wconf 89' lang='lat'>11,</span> <span class='ocrx_word' id='word_1_76' title='bbox 1232 2421 1373 2499; x_wconf 67' lang='lat' dir='ltr'>append„</span> <span class='ocrx_word' id='word_1_77' title='bbox 1390 2431 1422 2481; x_wconf 88' lang='lat' dir='ltr'>n·</span> <span class='ocrx_word' id='word_1_78' title='bbox 1438 2429 1487 2499; x_wconf 77' lang='lat' dir='ltr'>tt,</span> <span class='ocrx_word' id='word_1_79' title='bbox 1505 2421 1600 2481; x_wconf 88' lang='lat' dir='ltr'>eeod.</span> <span class='ocrx_word' id='word_1_80' title='bbox 1617 2419 1695 2482; x_wconf 83' lang='lat' dir='ltr'>Bibl.</span> <span class='ocrx_word' id='word_1_81' title='bbox 1717 2419 1817 2482; x_wconf 72' lang='lat' dir='ltr'>Cmar.</span> <span class='ocrx_word' id='word_1_82' title='bbox 1838 2419 1943 2492; x_wconf 76' lang='lat' dir='ltr'>Poris,</span> 
     </span>
     <span class='ocr_line' id='line_1_12' title="bbox 650 2525 1097 2614; baseline -0.004 -26"><span class='ocrx_word' id='word_1_83' title='bbox 650 2537 684 2588; x_wconf 78' lang='grc' dir='ltr'>ιι·</span> <span class='ocrx_word' id='word_1_84' title='bbox 699 2536 789 2600; x_wconf 79' lang='grc'><strong>4039,</strong></span> <span class='ocrx_word' id='word_1_85' title='bbox 803 2527 877 2614; x_wconf 74' lang='lat' dir='ltr'>litt.</span> <span class='ocrx_word' id='word_1_86' title='bbox 892 2543 971 2605; x_wconf 91' lang='lat' dir='ltr'>enr.,</span> <span class='ocrx_word' id='word_1_87' title='bbox 985 2535 1018 2586; x_wconf 87' lang='lat' dir='ltr'>n·</span> <span class='ocrx_word' id='word_1_88' title='bbox 1033 2525 1097 2606; x_wconf 79' lang='grc' dir='ltr'>ιο.)</span> 
     </span>
    </p>
   </div>
   <div class='ocr_carea' id='block_1_6' title="bbox 529 2712 2038 2931">
    <p class='ocr_par' dir='ltr' id='par_1_6' title="bbox 529 2712 2038 2931">
     <span class='ocr_line' id='line_1_13' title="bbox 578 2712 1944 2810; baseline 0.001 -24"><span class='ocrx_word' id='word_1_89' title='bbox 578 2713 813 2804; x_wconf 88' lang='lat' dir='ltr'>Innocentius,</span> <span class='ocrx_word' id='word_1_90' title='bbox 832 2723 917 2804; x_wconf 78' lang='lat' dir='ltr'>etc,</span> <span class='ocrx_word' id='word_1_91' title='bbox 928 2715 964 2786; x_wconf 90' lang='lat' dir='ltr'>S.</span> <span class='ocrx_word' id='word_1_92' title='bbox 976 2713 1066 2784; x_wconf 92' lang='lat' dir='ltr'>tituli</span> <span class='ocrx_word' id='word_1_93' title='bbox 1081 2713 1208 2786; x_wconf 89' lang='lat' dir='ltr'>Sancte</span> <span class='ocrx_word' id='word_1_94' title='bbox 1220 2713 1328 2786; x_wconf 86' lang='lat' dir='ltr'>biario</span> <span class='ocrx_word' id='word_1_95' title='bbox 1344 2712 1590 2786; x_wconf 89' lang='lat' dir='ltr'>Transtiberim</span> <span class='ocrx_word' id='word_1_96' title='bbox 1609 2714 1815 2810; x_wconf 81' lang='lat' dir='ltr'>presbytero</span> <span class='ocrx_word' id='word_1_97' title='bbox 1830 2714 1944 2788; x_wconf 92' lang='lat' dir='ltr'>cardi·</span> 
     </span>
     <span class='ocr_line' id='line_1_14' title="bbox 529 2836 2038 2931; baseline -0.002 -22"><span class='ocrx_word' id='word_1_98' title='bbox 529 2837 600 2910; x_wconf 87' lang='lat' dir='ltr'>nali</span> <span class='ocrx_word' id='word_1_99' title='bbox 613 2837 743 2910; x_wconf 87' lang='lat' dir='ltr'>vicario</span> <span class='ocrx_word' id='word_1_100' title='bbox 758 2846 876 2909; x_wconf 90' lang='lat' dir='ltr'>nostro</span> <span class='ocrx_word' id='word_1_101' title='bbox 890 2837 926 2908; x_wconf 93' lang='lat' dir='ltr'>in</span> <span class='ocrx_word' id='word_1_102' title='bbox 940 2837 1046 2928; x_wconf 92' lang='lat' dir='ltr'>Urbe,</span> <span class='ocrx_word' id='word_1_103' title='bbox 1065 2847 1133 2910; x_wconf 88' lang='lat' dir='ltr'>etc.</span> <span class='ocrx_word' id='word_1_104' title='bbox 1152 2837 1207 2910; x_wconf 80' lang='lat' dir='ltr'>Ab</span> <span class='ocrx_word' id='word_1_105' title='bbox 1223 2837 1369 2910; x_wconf 84' lang='lat' dir='ltr'>exordio</span> <span class='ocrx_word' id='word_1_106' title='bbox 1386 2836 1659 2931; x_wconf 89' lang='lat' dir='ltr'>vocationisque</span> <span class='ocrx_word' id='word_1_107' title='bbox 1673 2857 1738 2908; x_wconf 94' lang='lat' dir='ltr'>nos</span> <span class='ocrx_word' id='word_1_108' title='bbox 1755 2836 1836 2910; x_wconf 90' lang='lat' dir='ltr'>licet</span> <span class='ocrx_word' id='word_1_109' title='bbox 1851 2837 1943 2910; x_wconf 91' lang='lat' dir='ltr'>indi·</span> <span class='ocrx_word' id='word_1_110' title='bbox 2032 2914 2038 2926; x_wconf 51' lang='lat'><em>‚</em></span> 
     </span>
    </p>
   </div>
   <div class='ocr_carea' id='block_1_7' title="bbox 526 2960 1945 3678">
    <p class='ocr_par' dir='ltr' id='par_1_7' title="bbox 526 2960 1945 3678">
     <span class='ocr_line' id='line_1_15' title="bbox 527 2960 1943 3058; baseline 0 -24"><span class='ocrx_word' id='word_1_111' title='bbox 527 2983 616 3054; x_wconf 79' lang='lat' dir='ltr'>gnos</span> <span class='ocrx_word' id='word_1_112' title='bbox 638 2961 684 3034; x_wconf 91' lang='lat' dir='ltr'>ad</span> <span class='ocrx_word' id='word_1_113' title='bbox 707 2961 894 3056; x_wconf 87' lang='lat' dir='ltr'>apostolice</span> <span class='ocrx_word' id='word_1_114' title='bbox 917 2960 1094 3053; x_wconf 77' lang='lat' dir='ltr'>dignitatis</span> <span class='ocrx_word' id='word_1_115' title='bbox 1117 2962 1251 3058; x_wconf 91' lang='lat' dir='ltr'>apicem</span> <span class='ocrx_word' id='word_1_116' title='bbox 1274 2961 1492 3052; x_wconf 89' lang='lat' dir='ltr'>sublimavit,</span> <span class='ocrx_word' id='word_1_117' title='bbox 1508 2960 1634 3032; x_wconf 90' lang='lat' dir='ltr'>mentis</span> <span class='ocrx_word' id='word_1_118' title='bbox 1652 2961 1772 3034; x_wconf 86' lang='lat' dir='ltr'>oculos</span> <span class='ocrx_word' id='word_1_119' title='bbox 1791 2960 1839 3034; x_wconf 90' lang='lat' dir='ltr'>ad</span> <span class='ocrx_word' id='word_1_120' title='bbox 1858 2982 1943 3034; x_wconf 92' lang='lat' dir='ltr'>con-</span> 
     </span>
     <span class='ocr_line' id='line_1_16' title="bbox 529 3084 1944 3182; baseline 0 -24"><span class='ocrx_word' id='word_1_121' title='bbox 529 3084 747 3182; x_wconf 89' lang='lat' dir='ltr'>templandas</span> <span class='ocrx_word' id='word_1_122' title='bbox 762 3085 923 3181; x_wconf 90' lang='lat' dir='ltr'>impacati</span> <span class='ocrx_word' id='word_1_123' title='bbox 941 3085 1034 3157; x_wconf 90' lang='lat' dir='ltr'>orbis</span> <span class='ocrx_word' id='word_1_124' title='bbox 1049 3084 1307 3177; x_wconf 87' lang='lat' dir='ltr'>inquietudines</span> <span class='ocrx_word' id='word_1_125' title='bbox 1321 3084 1531 3177; x_wconf 79' lang='lat' dir='ltr'>dirigentes,</span> <span class='ocrx_word' id='word_1_126' title='bbox 1547 3084 1735 3180; x_wconf 91' lang='lat' dir='ltr'>superbiis</span> <span class='ocrx_word' id='word_1_127' title='bbox 1753 3085 1944 3180; x_wconf 87' lang='lat' dir='ltr'>inspirante</span> 
     </span>
     <span class='ocr_line' id='line_1_17' title="bbox 527 3208 1945 3305; baseline 0 -23"><span class='ocrx_word' id='word_1_128' title='bbox 527 3210 674 3282; x_wconf 90' lang='lat' dir='ltr'>Domino</span> <span class='ocrx_word' id='word_1_129' title='bbox 689 3209 847 3305; x_wconf 92' lang='lat' dir='ltr'>spiritum</span> <span class='ocrx_word' id='word_1_130' title='bbox 859 3209 1137 3304; x_wconf 89' lang='lat' dir='ltr'>compunctionis</span> <span class='ocrx_word' id='word_1_131' title='bbox 1152 3209 1372 3300; x_wconf 86' lang='lat' dir='ltr'>attraximus,</span> <span class='ocrx_word' id='word_1_132' title='bbox 1383 3218 1419 3282; x_wconf 90' lang='lat' dir='ltr'>at</span> <span class='ocrx_word' id='word_1_133' title='bbox 1430 3208 1665 3280; x_wconf 88' lang='lat' dir='ltr'>infirmitatem</span> <span class='ocrx_word' id='word_1_134' title='bbox 1675 3219 1828 3282; x_wconf 89' lang='lat' dir='ltr'>nostram</span> <span class='ocrx_word' id='word_1_135' title='bbox 1836 3210 1945 3282; x_wconf 88' lang='lat' dir='ltr'>celes·</span> 
     </span>
     <span class='ocr_line' id='line_1_18' title="bbox 527 3332 1943 3428; baseline 0 -21"><span class='ocrx_word' id='word_1_136' title='bbox 527 3335 572 3407; x_wconf 91' lang='lat' dir='ltr'>tis</span> <span class='ocrx_word' id='word_1_137' title='bbox 583 3335 721 3406; x_wconf 90' lang='lat' dir='ltr'>virtutis</span> <span class='ocrx_word' id='word_1_138' title='bbox 735 3333 928 3406; x_wconf 89' lang='lat' dir='ltr'>constantia</span> <span class='ocrx_word' id='word_1_139' title='bbox 943 3333 1144 3426; x_wconf 89' lang='lat' dir='ltr'>inducente,</span> <span class='ocrx_word' id='word_1_140' title='bbox 1160 3332 1388 3426; x_wconf 80' lang='lat' dir='ltr'>cogitavimus</span> <span class='ocrx_word' id='word_1_141' title='bbox 1397 3333 1433 3405; x_wconf 91' lang='lat' dir='ltr'>in</span> <span class='ocrx_word' id='word_1_142' title='bbox 1441 3335 1515 3406; x_wconf 91' lang='lat' dir='ltr'>Deo</span> <span class='ocrx_word' id='word_1_143' title='bbox 1523 3332 1705 3428; x_wconf 88' lang='lat' dir='ltr'>pacificare</span> <span class='ocrx_word' id='word_1_144' title='bbox 1714 3354 1795 3405; x_wconf 93' lang='lat' dir='ltr'>cum</span> <span class='ocrx_word' id='word_1_145' title='bbox 1812 3335 1943 3407; x_wconf 92' lang='lat' dir='ltr'>mundo</span> 
     </span>
     <span class='ocr_line' id='line_1_19' title="bbox 526 3457 1943 3554; baseline 0.002 -25"><span class='ocrx_word' id='word_1_146' title='bbox 526 3459 623 3554; x_wconf 88' lang='lat' dir='ltr'>pacis</span> <span class='ocrx_word' id='word_1_147' title='bbox 639 3459 776 3554; x_wconf 91' lang='lat' dir='ltr'>publice</span> <span class='ocrx_word' id='word_1_148' title='bbox 794 3459 1020 3547; x_wconf 89' lang='lat' dir='ltr'>turbatorem,</span> <span class='ocrx_word' id='word_1_149' title='bbox 1040 3467 1102 3529; x_wconf 86' lang='lat' dir='ltr'>aut</span> <span class='ocrx_word' id='word_1_150' title='bbox 1113 3479 1155 3530; x_wconf 90' lang='lat' dir='ltr'>eo</span> <span class='ocrx_word' id='word_1_151' title='bbox 1172 3459 1207 3530; x_wconf 91' lang='lat' dir='ltr'>in</span> <span class='ocrx_word' id='word_1_152' title='bbox 1226 3479 1289 3530; x_wconf 88' lang='lat' dir='ltr'>sua</span> <span class='ocrx_word' id='word_1_153' title='bbox 1305 3458 1433 3530; x_wconf 92' lang='lat' dir='ltr'>duritia</span> <span class='ocrx_word' id='word_1_154' title='bbox 1451 3457 1674 3552; x_wconf 87' lang='lat' dir='ltr'>persistente,</span> <span class='ocrx_word' id='word_1_155' title='bbox 1693 3468 1814 3531; x_wconf 88' lang='lat' dir='ltr'>contra</span> <span class='ocrx_word' id='word_1_156' title='bbox 1828 3459 1943 3554; x_wconf 90' lang='lat' dir='ltr'>ipsum</span> 
     </span>
     <span class='ocr_line' id='line_1_20' title="bbox 526 3579 1945 3678; baseline 0.001 -25"><span class='ocrx_word' id='word_1_157' title='bbox 526 3582 599 3654; x_wconf 91' lang='lat' dir='ltr'>Dec</span> <span class='ocrx_word' id='word_1_158' title='bbox 615 3581 804 3654; x_wconf 81' lang='lat' dir='ltr'>auxiliante</span> <span class='ocrx_word' id='word_1_159' title='bbox 821 3589 912 3654; x_wconf 91' lang='lat' dir='ltr'>stare</span> <span class='ocrx_word' id='word_1_160' title='bbox 928 3603 992 3676; x_wconf 93' lang='lat' dir='ltr'>pro</span> <span class='ocrx_word' id='word_1_161' title='bbox 1007 3583 1138 3678; x_wconf 92' lang='lat' dir='ltr'>populo</span> <span class='ocrx_word' id='word_1_162' title='bbox 1157 3592 1192 3654; x_wconf 90' lang='lat' dir='ltr'>et</span> <span class='ocrx_word' id='word_1_163' title='bbox 1208 3579 1393 3654; x_wconf 86' lang='lat' dir='ltr'>obfirmare</span> <span class='ocrx_word' id='word_1_164' title='bbox 1408 3581 1544 3652; x_wconf 89' lang='lat' dir='ltr'>vultum</span> <span class='ocrx_word' id='word_1_165' title='bbox 1559 3580 1728 3652; x_wconf 90' lang='lat' dir='ltr'>adversus</span> <span class='ocrx_word' id='word_1_166' title='bbox 1743 3580 1945 3675; x_wconf 90' lang='lat' dir='ltr'>implacabi-</span> 
     </span>
    </p>
   </div>
   <div class='ocr_carea' id='block_1_8' title="bbox 524 3704 1943 4792">
    <p class='ocr_par' dir='ltr' id='par_1_8' title="bbox 524 3704 1943 4792">
     <span class='ocr_line' id='line_1_21' title="bbox 526 3704 1943 3801; baseline 0.001 -25"><span class='ocrx_word' id='word_1_167' title='bbox 526 3706 598 3778; x_wconf 92' lang='lat' dir='ltr'>lem</span> <span class='ocrx_word' id='word_1_168' title='bbox 614 3704 810 3801; x_wconf 91' lang='lat' dir='ltr'>pestilentie</span> <span class='ocrx_word' id='word_1_169' title='bbox 824 3705 1030 3800; x_wconf 91' lang='lat' dir='ltr'>prinoipem,</span> <span class='ocrx_word' id='word_1_170' title='bbox 1043 3706 1185 3778; x_wconf 78' lang='lat' dir='ltr'>letiferis</span> <span class='ocrx_word' id='word_1_171' title='bbox 1200 3706 1372 3799; x_wconf 91' lang='lat' dir='ltr'>aquilonis</span> <span class='ocrx_word' id='word_1_172' title='bbox 1387 3705 1526 3777; x_wconf 83' lang='lat' dir='ltr'>flatibus</span> <span class='ocrx_word' id='word_1_173' title='bbox 1540 3705 1631 3776; x_wconf 90' lang='lat' dir='ltr'>mala</span> <span class='ocrx_word' id='word_1_174' title='bbox 1647 3705 1775 3797; x_wconf 91' lang='lat' dir='ltr'>quibus</span> <span class='ocrx_word' id='word_1_175' title='bbox 1791 3705 1943 3778; x_wconf 90' lang='lat' dir='ltr'>mundus</span> 
     </span>
     <span class='ocr_line' id='line_1_22' title="bbox 526 3827 1942 3923; baseline -0.001 -21"><span class='ocrx_word' id='word_1_176' title='bbox 526 3832 686 3904; x_wconf 87' lang='lat' dir='ltr'>atteritur</span> <span class='ocrx_word' id='word_1_177' title='bbox 706 3839 996 3902; x_wconf 90' lang='lat' dir='ltr'>commoventem.</span> <span class='ocrx_word' id='word_1_178' title='bbox 1022 3827 1152 3901; x_wconf 87' lang='lat' dir='ltr'>lnbesit</span> <span class='ocrx_word' id='word_1_179' title='bbox 1176 3830 1317 3922; x_wconf 91' lang='lat' dir='ltr'>quidem</span> <span class='ocrx_word' id='word_1_180' title='bbox 1340 3829 1616 3923; x_wconf 89' lang='lat' dir='ltr'>inseparabiliter</span> <span class='ocrx_word' id='word_1_181' title='bbox 1636 3827 1733 3900; x_wconf 91' lang='lat' dir='ltr'>cordi</span> <span class='ocrx_word' id='word_1_182' title='bbox 1754 3838 1874 3900; x_wconf 89' lang='lat' dir='ltr'>nostro</span> <span class='ocrx_word' id='word_1_183' title='bbox 1897 3829 1942 3901; x_wconf 92' lang='lat' dir='ltr'>de</span> 
     </span>
     <span class='ocr_line' id='line_1_23' title="bbox 526 3952 1943 4050; baseline -0.001 -24"><span class='ocrx_word' id='word_1_184' title='bbox 526 3954 712 4026; x_wconf 91' lang='lat' dir='ltr'>christiano</span> <span class='ocrx_word' id='word_1_185' title='bbox 744 3954 874 4050; x_wconf 93' lang='lat' dir='ltr'>populo</span> <span class='ocrx_word' id='word_1_186' title='bbox 907 3962 969 4024; x_wconf 89' lang='lat' dir='ltr'>aut</span> <span class='ocrx_word' id='word_1_187' title='bbox 1002 3953 1216 4048; x_wconf 88' lang='lat' dir='ltr'>perniciosas</span> <span class='ocrx_word' id='word_1_188' title='bbox 1244 3953 1496 4026; x_wconf 90' lang='lat' dir='ltr'>discordiarum</span> <span class='ocrx_word' id='word_1_189' title='bbox 1530 3953 1664 4026; x_wconf 89' lang='lat' dir='ltr'>radices</span> <span class='ocrx_word' id='word_1_190' title='bbox 1699 3952 1851 4024; x_wconf 89' lang='lat' dir='ltr'>avellere</span> <span class='ocrx_word' id='word_1_191' title='bbox 1881 3961 1943 4024; x_wconf 91' lang='lat' dir='ltr'>aut</span> 
     </span>
     <span class='ocr_line' id='line_1_24' title="bbox 525 4075 1942 4173; baseline 0 -25"><span class='ocrx_word' id='word_1_192' title='bbox 525 4076 649 4151; x_wconf 89' lang='lat' dir='ltr'>barum</span> <span class='ocrx_word' id='word_1_193' title='bbox 675 4078 879 4170; x_wconf 80' lang='lat' dir='ltr'>genitricem</span> <span class='ocrx_word' id='word_1_194' title='bbox 905 4077 1048 4170; x_wconf 82' lang='lat' dir='ltr'>maligni</span> <span class='ocrx_word' id='word_1_195' title='bbox 1072 4077 1286 4173; x_wconf 88' lang='lat' dir='ltr'>principatus</span> <span class='ocrx_word' id='word_1_196' title='bbox 1314 4076 1487 4150; x_wconf 90' lang='lat' dir='ltr'>Frederici</span> <span class='ocrx_word' id='word_1_197' title='bbox 1520 4075 1697 4170; x_wconf 90' lang='lat' dir='ltr'>quondam</span> <span class='ocrx_word' id='word_1_198' title='bbox 1724 4076 1942 4170; x_wconf 88' lang='lat' dir='ltr'>imperatoris</span> 
     </span>
     <span class='ocr_line' id='line_1_25' title="bbox 526 4197 1940 4298; baseline -0.003 -25"><span class='ocrx_word' id='word_1_199' title='bbox 526 4202 702 4298; x_wconf 88' lang='lat' dir='ltr'>extirpare</span> <span class='ocrx_word' id='word_1_200' title='bbox 719 4201 954 4297; x_wconf 80' lang='lat' dir='ltr'>tyrannidem,</span> <span class='ocrx_word' id='word_1_201' title='bbox 977 4223 1041 4297; x_wconf 93' lang='lat' dir='ltr'>per</span> <span class='ocrx_word' id='word_1_202' title='bbox 1059 4223 1164 4294; x_wconf 93' lang='lat' dir='ltr'>quam</span> <span class='ocrx_word' id='word_1_203' title='bbox 1182 4201 1368 4274; x_wconf 86' lang='lat' dir='ltr'>videbatur</span> <span class='ocrx_word' id='word_1_204' title='bbox 1382 4200 1588 4273; x_wconf 91' lang='lat' dir='ltr'>universalis</span> <span class='ocrx_word' id='word_1_205' title='bbox 1602 4209 1713 4272; x_wconf 87' lang='lat' dir='ltr'>status</span> <span class='ocrx_word' id='word_1_206' title='bbox 1728 4197 1850 4270; x_wconf 91' lang='lat' dir='ltr'>mundi</span> <span class='ocrx_word' id='word_1_207' title='bbox 1866 4198 1940 4270; x_wconf 90' lang='lat' dir='ltr'>ccl·</span> 
     </span>
     <span class='ocr_line' id='line_1_26' title="bbox 526 4322 1936 4417; baseline -0.003 -20"><span class='ocrx_word' id='word_1_208' title='bbox 526 4326 608 4417; x_wconf 91' lang='lat' dir='ltr'>labi,</span> <span class='ocrx_word' id='word_1_209' title='bbox 642 4325 730 4398; x_wconf 91' lang='lat' dir='ltr'>fides</span> <span class='ocrx_word' id='word_1_210' title='bbox 756 4323 954 4398; x_wconf 81' lang='lat' dir='ltr'>orthodoxa</span> <span class='ocrx_word' id='word_1_211' title='bbox 982 4324 1138 4399; x_wconf 86' lang='lat' dir='ltr'>subverti</span> <span class='ocrx_word' id='word_1_212' title='bbox 1164 4336 1200 4398; x_wconf 90' lang='lat' dir='ltr'>et</span> <span class='ocrx_word' id='word_1_213' title='bbox 1223 4324 1331 4398; x_wconf 91' lang='lat' dir='ltr'>decus</span> <span class='ocrx_word' id='word_1_214' title='bbox 1358 4325 1468 4397; x_wconf 90' lang='lat' dir='ltr'>everti</span> <span class='ocrx_word' id='word_1_215' title='bbox 1499 4323 1729 4396; x_wconf 88' lang='lat' dir='ltr'>ecclesiastice</span> <span class='ocrx_word' id='word_1_216' title='bbox 1756 4322 1936 4395; x_wconf 87' lang='lat' dir='ltr'>libertatis.</span> 
     </span>
     <span class='ocr_line' id='line_1_27' title="bbox 524 4435 1939 4544; baseline -0.001 -24"><span class='ocrx_word' id='word_1_217' title='bbox 524 4449 655 4522; x_wconf 85' lang='lat' dir='ltr'>Verum</span> <span class='ocrx_word' id='word_1_218' title='bbox 673 4459 857 4544; x_wconf 89' lang='lat' dir='ltr'>postquam</span> <span class='ocrx_word' id='word_1_219' title='bbox 879 4449 970 4522; x_wconf 89' lang='lat' dir='ltr'>circa</span> <span class='ocrx_word' id='word_1_220' title='bbox 994 4449 1093 4521; x_wconf 89' lang='lat' dir='ltr'>illurn</span> <span class='ocrx_word' id='word_1_221' title='bbox 1113 4435 1219 4522; x_wconf 88' lang='lat' dir='ltr'>studii</span> <span class='ocrx_word' id='word_1_222' title='bbox 1241 4449 1349 4521; x_wconf 91' lang='lat' dir='ltr'>nostri</span> <span class='ocrx_word' id='word_1_223' title='bbox 1376 4471 1448 4522; x_wconf 93' lang='lat' dir='ltr'>non</span> <span class='ocrx_word' id='word_1_224' title='bbox 1469 4446 1672 4543; x_wconf 89' lang='lat' dir='ltr'>proliciente</span> <span class='ocrx_word' id='word_1_225' title='bbox 1686 4455 1827 4536; x_wconf 91' lang='lat' dir='ltr'>conatu,</span> <span class='ocrx_word' id='word_1_226' title='bbox 1844 4446 1939 4537; x_wconf 88' lang='lat' dir='ltr'>ejus·</span> 
     </span>
     <span class='ocr_line' id='line_1_28' title="bbox 525 4571 1940 4670; baseline -0.002 -25"><span class='ocrx_word' id='word_1_227' title='bbox 525 4573 606 4645; x_wconf 89' lang='lat' dir='ltr'>dem</span> <span class='ocrx_word' id='word_1_228' title='bbox 648 4572 873 4646; x_wconf 83' lang='lat' dir='ltr'>inexorabilis</span> <span class='ocrx_word' id='word_1_229' title='bbox 918 4573 1109 4669; x_wconf 87' lang='lat' dir='ltr'>pertinacia</span> <span class='ocrx_word' id='word_1_230' title='bbox 1149 4573 1330 4670; x_wconf 88' lang='lat' dir='ltr'>pravitatis</span> <span class='ocrx_word' id='word_1_231' title='bbox 1367 4572 1549 4667; x_wconf 90' lang='lat' dir='ltr'>quodlibet</span> <span class='ocrx_word' id='word_1_232' title='bbox 1591 4571 1712 4644; x_wconf 89' lang='lat' dir='ltr'>salutis</span> <span class='ocrx_word' id='word_1_233' title='bbox 1755 4580 1940 4664; x_wconf 90' lang='lat' dir='ltr'>aspernata</span> 
     </span>
     <span class='ocr_line' id='line_1_29' title="bbox 525 4691 1940 4792; baseline -0.002 -24"><span class='ocrx_word' id='word_1_234' title='bbox 525 4697 706 4769; x_wconf 89' lang='lat' dir='ltr'>consilium</span> <span class='ocrx_word' id='word_1_235' title='bbox 732 4699 836 4769; x_wconf 89' lang='lat' dir='ltr'>latam</span> <span class='ocrx_word' id='word_1_236' title='bbox 861 4697 1027 4770; x_wconf 85' lang='lat' dir='ltr'>divinitus</span> <span class='ocrx_word' id='word_1_237' title='bbox 1047 4718 1111 4792; x_wconf 90' lang='lat' dir='ltr'>par</span> <span class='ocrx_word' id='word_1_238' title='bbox 1132 4717 1197 4770; x_wconf 92' lang='lat' dir='ltr'>nos</span> <span class='ocrx_word' id='word_1_239' title='bbox 1217 4718 1316 4770; x_wconf 89' lang='lat' dir='ltr'>sacro</span> <span class='ocrx_word' id='word_1_240' title='bbox 1338 4695 1527 4771; x_wconf 88' lang='lat' dir='ltr'>universali</span> <span class='ocrx_word' id='word_1_241' title='bbox 1553 4694 1768 4791; x_wconf 89' lang='lat' dir='ltr'>approbante</span> <span class='ocrx_word' id='word_1_242' title='bbox 1793 4691 1940 4766; x_wconf 91' lang='lat' dir='ltr'>concilio</span> 
     </span>
    </p>
   </div>
   <div class='ocr_carea' id='block_1_9' title="bbox 0 0 2158 5912">
    <p class='ocr_par' dir='ltr' id='par_1_9' title="bbox 0 0 2158 5912">
     <span class='ocr_line' id='line_1_30' title="bbox 0 0 2158 5912; baseline 0 0"><span class='ocrx_word' id='word_1_243' title='bbox 0 0 2158 5912; x_wconf 95' lang='lat' dir='ltr'> </span> 
     </span>
    </p>
   </div>
  </div>
 </body>
</html>
