4310 5908
506 619 566 682 748
1004 621 1219 684 balbutiet
1243 621 1417 684 succum
1725 621 1807 707 [aaa.
1825 624 1914 688 late.

505 765 640 848 vestro,
653 777 716 852 per
730 755 977 830 lohannsmde
987 759 1104 831 Trecis
1120 757 1150 854 (l
1160 757 1174 855 )
1185 757 1346 829 nuntium
1364 779 1467 829 suum
1483 757 1577 828 mille
1597 777 1735 832 saumas
1752 761 1916 833 frumenti

505 891 543 952 et
565 880 709 954 totidem
728 881 850 955 hordei
874 883 919 955 de
945 881 1077 956 horreis
1101 882 1227 956 nostris
1248 891 1285 954 st
1303 883 1329 953 L
1347 879 1397 978 (a)
1418 881 1529 954 bonos
1548 881 1743 956 dextrarios
1760 884 1806 957 de
1828 886 1916 958 libe·

505 1004 651 1076 ralitatis
671 1015 790 1078 nostre
810 1004 1051 1079 munificencia
1062 1005 1233 1078 'duximus
1253 1004 1502 1097 destinandos,
1526 1027 1692 1080 concessa
1706 1007 1772 1080 sihi
1789 1009 1914 1083 nihilo·

505 1128 621 1202 minus
640 1151 661 1201 a
680 1130 859 1222 maiestate
878 1140 997 1202 nostra
1016 1131 1153 1202 licentia
1175 1130 1271 1225 quod
1285 1129 1332 1202 ad
1349 1150 1437 1226 opus
1460 1130 1617 1223 ejusdem
1638 1131 1772 1204 comitis
1791 1155 1914 1208 neces·

505 1253 596 1326 saria
617 1254 773 1348 quelibet
795 1253 832 1324 in
856 1276 966 1347 reguo
983 1265 1102 1327 nostro
1125 1253 1233 1326 iibere
1256 1255 1374 1326 valeat
1392 1275 1509 1326 emere
1534 1265 1571 1327 st
1590 1256 1794 1347 extrahere,
1813 1270 1917 1354 prout

505 1377 577 1450 suis
595 1388 631 1449 et
653 1377 781 1450 familie
809 1399 871 1449 suc
886 1378 1008 1450 usibus
1023 1377 1150 1451 viderit
1168 1387 1377 1474 opportuna.
1395 1375 1452 1450 Aa
1476 1375 1543 1450 hec
1564 1379 1720 1473 proiecto
1738 1401 1808 1476 que
1827 1380 1917 1453 dixi·

505 1522 608 1591 mus,
628 1522 698 1594 que
713 1511 829 1574 vestra
846 1511 882 1574 et
892 1500 1041 1574 liliorum
1053 1513 1249 1574 vestrorum
1266 1510 1453 1595 augmenta
1467 1502 1676 1599 respiciunt,
1693 1505 1915 1598 inquantum

504 1625 729 1717 negociorum
751 1635 787 1698 st
804 1635 999 1722 temporum
1012 1627 1162 1720 qualitas
1179 1627 1324 1723 patitur,
1349 1647 1415 1698 nos
1431 1625 1468 1698 in
1486 1635 1590 1700 antea
1602 1627 1693 1704 votis
1712 1628 1915 1702 ardentibus

505 1760 684 1846 promptos
702 1760 738 1822 et
750 1751 940 1824 benevolos
953 1747 1151 1823 offeremus.

558 2339 791 2447 Fridericus,
818 2338 1080 2424 Romanorum
1103 2339 1326 2448 imperator,
1352 2340 1433 2450 regi
1464 2338 1698 2424 Francorum
1727 2340 1917 2450 significat

503 2475 609 2583 quod
635 2473 750 2556 mittit
775 2473 983 2556 dextrarios
1008 2483 1046 2557 st
1068 2472 1245 2556 victualia
1268 2471 1427 2558 Alionsc
1446 2471 1554 2556 fratri
1579 2497 1671 2576 suo,
1704 2475 1744 2556 in
1772 2473 1911 2558 subsi-

503 2605 611 2690 dium
631 2606 767 2690 Terrae
786 2605 945 2688 Sanctae
962 2603 1226 2714 proficiscenti.

583 2877 680 2961 (Edit.
697 2895 746 2956 ap.
761 2879 844 2940 Petri
856 2876 891 2938 da
906 2877 975 2939 Vin.
991 2879 1089 2960 epist,
1105 2879 1156 2940 ilb.
1172 2879 1233 2952 ΙΙΙ,
1252 2893 1319 2956 cap.
1336 2879 1452 2958 xxrrt3
1467 2880 1536 2940 coll.
1551 2895 1619 2942 oum
1634 2880 1701 2942 eod.
1716 2878 1795 2943 Blbi.
1810 2881 1913 2944 Cesar.

621 2986 729 3060 Paris,
737 2982 829 3064 fonds
841 2984 1076 3046 Sciat-Germia
1088 2981 1214 3064 Harlop,
1229 2995 1262 3046 n·
1276 2993 1347 3063 itt,
1362 2993 1392 3046 et
1404 3003 1473 3048 cum
1486 2987 1553 3048 allis
1565 2993 1630 3048 tum
1643 2985 1832 3062 cernuus,
1846 2993 1914 3052 lum

622 3091 745 3172 Augilas
763 3091 939 3169 codicibus.)
1019 3101 1025 3114 ·

552 3323 789 3424 [fredericum
809 3335 895 3415 etc,
912 3324 986 3418 regi
1006 3325 1236 3416 Francorum,
1253 3321 1351 3422 etc.].
1369 3326 1512 3421 Semper
1525 3324 1711 3414 hactenus,
1732 3337 1774 3400 ut
1793 3327 1916 3421 loque·

502 3473 582 3522 mur
602 3452 648 3523 ad
668 3452 815 3542 literam,
834 3449 999 3522 continua
1014 3449 1180 3545 propositi
1201 3449 1386 3521 tenacitate
1402 3447 1616 3524 firmavimus
1631 3450 1782 3544 qualiter
1794 3473 1858 3525 vce
1877 3463 1915 3526 st

501 3585 658 3668 vestros,
688 3597 776 3670 quos
803 3596 889 3670 pure
911 3573 1038 3646 mentis
1056 3573 1237 3646 affectione
1254 3573 1449 3668 diligimus,
1466 3573 1581 3670 operis
1595 3575 1765 3648 evidentis
1777 3575 1915 3649 indiciis

502 3701 674 3774 honorare
693 3722 883 3796 possemus.
908 3699 947 3770 ln
962 3700 1062 3791 cujus
1085 3697 1253 3794 propositi
1276 3707 1373 3770 tauto
1389 3697 1512 3770 lortius
1530 3699 1771 3794 prosecutione
1788 3699 1914 3796 pernis·

503 3821 636 3916 timus,
655 3824 726 3896 imo
752 3822 927 3895 robustius
953 3822 1148 3893 animamur
1169 3831 1301 3915 quanto
1323 3843 1386 3894 vos
1409 3821 1521 3894 crucis
1541 3823 1726 3917 negocium
1748 3823 1784 3894 in
1807 3824 1912 3898 Terre

502 3959 620 4024 sancta
637 3946 784 4021 servitiis
808 3945 868 4044 (de
889 3946 988 4039 cujus
1011 3966 1177 4018 succursu
1190 3945 1297 4017 ‘celeri
1313 3967 1376 4040 pre
1393 3945 1518 4020 ceteris
1533 3947 1628 4020 orbis
1641 3957 1732 4020 terre
1745 3947 1913 4045 principi·

544 4165 586 4247 (a)
608 4165 692 4228 Allan
706 4163 775 4237 Lx;
789 4167 820 4224 ln
833 4163 900 4225 cod.
917 4171 1005 4236 8567,
1020 4163 1193 4240 simpliciter
1205 4159 1309 4224 dana

537 4465 573 4540 (l)
592 4465 649 4522 ileo
666 4477 765 4522 nomon
783 4461 907 4520 addimus
930 4477 964 4518 ox
983 4459 1098 4517 codicih.
1122 4459 1191 4516 Bibl.
1214 4456 1431 4518 Gusllerbitanas
1455 4465 1484 4516 ot
1503 4459 1742 4518 llsdiomontanas.
1763 4459 1909 4518 iohannem

501 4565 583 4621 istum
597 4563 631 4620 ds
644 4560 737 4619 Traeis
751 4576 799 4617 seu
818 4558 928 4616 Treucis
943 4573 1027 4614 unum
1040 4557 1125 4614 luisse
1143 4573 1177 4612 ex
1196 4555 1344 4614 baronibus
1361 4555 1472 4614 Francis
1494 4555 1614 4634 insyria
1632 4557 1782 4614 consumtis
1802 4573 1910 4632 compe-

501 4661 587 4718 rimus
599 4675 633 4716 ex
646 4659 730 4728 Pauli,
745 4655 809 4716 (lod.
825 4655 894 4730 dipl.
910 4655 941 4712 cll
952 4653 1051 4725 dicito,
1075 4653 1122 4710 ubi
1136 4652 1344 4711 instrumentum
1356 4651 1498 4710 exhibetur
1517 4670 1571 4728 quo
1582 4653 1716 4713 lohannes
1728 4661 1756 4713 st
1769 4653 1861 4714 Simon
1875 4655 1910 4714 ds
2017 4713 2023 4726 ,

500 4755 610 4815 Treucis
624 4753 808 4827 hospitalariis
822 4752 966 4826 quamdam
979 4749 1150 4808 donationem
1163 4749 1313 4808 conlsnmt.
1327 4749 1389 4808 ilat.
1401 4749 1486 4823 Acon,
1500 4753 1517 4808 t
1534 4751 1628 4824 aprilis
1643 4753 1723 4811 tiit.
