4318 5904
659 593 786 654 10001
809 593 1159 655 oocuuruvoaou.
1553 583 1620 662 ere

198 795 330 912 aare

623 925 787 998 praesentia
806 924 992 994 recesserint,
1014 923 1079 996 lpse
1097 919 1199 982 ildeles
1220 923 1365 982 Ecclesiae
1387 921 1419 982 iu
1438 923 1615 987 Lombardia

624 1022 756 1080 minuare
769 1020 887 1080 studeat
904 1025 939 1080 ut
956 1023 988 1079 10
1001 1019 1157 1080 devotione
1170 1019 1304 1098 ejvrsdem
1316 1020 1461 1082 Ecclesiae
1475 1022 1618 1083 stabiliter

623 1123 822 1193 perseverent.
1559 1129 1614 1181 113

199 1216 333 1278 100101).
376 1222 540 1302 Anagniae.
585 1245 624 1260 -
644 1215 790 1291 ltaynerio
813 1214 939 1274 Sanctae
960 1212 1071 1274 Mariae
1092 1215 1124 1273 10
1149 1213 1304 1275 cosmedin
1327 1213 1451 1276 diacono
1474 1217 1616 1278 cardinali

623 1328 676 1388 par
699 1312 862 1372 Martinam
884 1312 1023 1373 clericum
1046 1328 1134 1372 suum
1155 1312 1214 1373 duo
1240 1313 1332 1373 miliia
1355 1315 1531 1392 quingentas
1551 1317 1616 1375 anri

623 1409 726 1468 nucius
744 1409 836 1468 mittit
852 1425 904 1484 pro
923 1407 1067 1486 stipendio
1085 1425 1136 1483 per
1152 1423 1283 1468 mensem
1296 1407 1425 1469 militum
1438 1414 1469 1468 et
1482 1410 1615 1486 peditum

623 1519 698 1581 quos
710 1504 748 1563 ad
763 1504 963 1565 defensionem
978 1503 1099 1566 viterbii
1113 1506 1293 1564 necessarios
1307 1521 1369 1564 esse
1383 1505 1499 1566 viderit.
1558 1515 1615 1566 130

198 1602 333 1664 sociob.
376 1606 538 1686 Anagniae.
585 1632 623 1644 -
644 1601 842 1660 Marchlonem
859 1602 1012 1662 Esteusem
1027 1603 1060 1659 10
1078 1616 1132 1660 sun
1151 1603 1334 1676 protectione
1345 1603 1480 1679 suscipit,
1498 1602 1576 1663 bona
1589 1607 1616 1662 ei

624 1697 779 1759 conilrmat
791 1715 868 1776 quae
887 1697 1015 1758 habebnt
1036 1705 1166 1773 ternpore
1188 1714 1249 1775 quo
1269 1698 1437 1759 Fridericus
1458 1701 1617 1776 imperator

623 1799 894 1857 excommunicatus
909 1796 981 1872 luit,
1002 1797 1250 1873 alienationesque
1268 1803 1385 1856 revocat
1403 1795 1441 1856 ab
1456 1799 1520 1874 ipso
1533 1801 1616 1874 prin-

623 1893 687 1967 cipe
701 1893 737 1951 da
750 1892 836 1952 bouis
849 1893 1025 1978 marchionis
1039 1891 1150 1963 iactas,
1166 1899 1223 1954 etc.
1559 1903 1612 1954 131

211 1998 322 2052 13001.
384 1990 532 2052 Laterani.
583 2021 625 2036 -
643 1991 872 2068 Archiepiscopo
886 1991 1043 2051 arborensi
1062 1991 1183 2051 mandat
1203 1997 1237 2051 01
1254 1991 1292 2051 ab
1313 1994 1616 2053 excommunicatione

622 2086 759 2146 absolvet
773 2087 939 2147 adelasiam
959 2087 1108 2147 dominam
1127 2087 1279 2164 judicatus
1297 2089 1445 2148 Turritani
1464 2089 1615 2150 0160110-

622 2185 680 2255 rls,
694 2200 771 2260 quae
783 2184 899 2245 dudum
912 2199 1070 2260 pravorum
1091 2184 1212 2243 seducta
1230 2185 1352 2244 consilio
1366 2184 1491 2245 Ennium
1510 2185 1614 2245 Fride·

622 2283 676 2340 rici
689 2283 872 2357 imperatoris
886 2281 984 2342 illium
1000 2282 1142 2341 invirum
1157 2282 1278 2356 recepit.
1557 2293 1613 2344 135

210 2386 247 2438 te
261 2385 321 2438 oct.
384 2377 531 2440 Laterani.
582 2409 622 2424 -
643 2377 808 2438 (luidonem
839 2379 952 2437 dietum
974 2378 1116 2437 Guerram
1142 2380 1279 2437 comitem
1302 2377 1465 2455 palatinum
1490 2379 1616 2441 Tusciae

621 2477 674 2552 qul
689 2481 807 2536 secutam
827 2474 924 2535 iuerat
943 2481 1040 2551 partes
1059 2475 1205 2534 Ecclesiae
1225 2477 1315 2534 etiam
1333 2490 1402 2534 oum
1422 2491 1530 2556 magno
1549 2479 1616 2538 dis-

621 2573 728 2648 pendio
742 2587 841 2632 rerum
855 2588 990 2642 suarum,
1006 2575 1108 2648 recipit
1121 2571 1177 2632 sub
1190 2573 1308 2648 speciali
1323 2576 1501 2650 protectione
1514 2575 1615 2636 Eccle-

622 2672 683 2729 siae
696 2686 765 2729 cum
779 2671 874 2740 terris,
889 2669 1131 2746 possessionibus,
1147 2672 1266 2738 castris.
1282 2675 1338 2729 eto.
1558 2682 1613 2733 130

209 2772 243 2823 13
258 2764 322 2824 dec.
383 2767 530 2828 Laterani.
582 2797 623 2812 -
642 2766 793 2826 Lndovico
813 2767 992 2826 Francorum
1016 2769 1077 2844 regi
1102 2769 1218 2826 nuntiat
1237 2767 1318 2845 quod
1337 2767 1376 2828 ad
1395 2771 1614 2846 requisitionem

623 2863 661 2926 G.
684 2865 878 2925 archidiaconi
902 2864 1131 2925 constantiensis
1160 2871 1190 2924 et
1213 2865 1359 2926 (luillelmi
1386 2866 1423 2926 de
1449 2869 1614 2928 Lemovicls

622 2965 796 3022 nuntiorum
815 2965 895 3039 ejus,
913 2961 951 3021 ad
970 2965 1093 3039 gratiam
1115 2962 1399 3038 apostolicaesedis
1417 2964 1454 3024 R.
1476 2968 1613 3026 comitem

211 3035 324 3110 ¹244
622 3059 803 3120 Tolosanum
818 3059 947 3119 admisit.
1557 3069 1613 3121 140

199 3143 335 3240 fe'a—pfffi
383 3164 528 3225 Laterani,
582 3187 624 3202 -
643 3157 867 3217 eoncessionem
887 3156 1052 3216 medietatis
1073 3155 1176 3216 Colisai
1203 3172 1272 3216 cum
1295 3157 1401 3232 palatio
1419 3159 1556 3218 exteriori
1584 3165 1615 3219 et

620 3253 737 3330 juribus
750 3253 788 3314 ab
802 3255 930 3313 ilenrico
944 3261 974 3314 et
986 3253 1096 3314 iacebo
1110 3253 1331 3330 Fragapanlhus
1345 3254 1459 3314 civibus
1473 3255 1614 3316 Romanis

623 3349 772 3410 Friderico
797 3351 963 3427 imperatori
987 3365 1081 3424 nuper
1108 3348 1216 3409 lactem
1237 3355 1371 3428 revocat,
1396 3358 1425 3411 et
1446 3353 1624 3427 juramenta.

623 3447 719 3507 eidem
732 3450 857 3524 principi
870 3463 957 3522 super
970 3447 1026 3506 hoc
1039 3449 1178 3522 praestita
1193 3447 1317 3506 relaxat.
1557 3459 1612 3510 181

201 3558 236 3608 30
250 3551 335 3627 aprll.
385 3554 532 3616 Laterani.
584 3576 624 3589 -
643 3545 857 3622 Lautgravlum
880 3546 1059 3622 'thuringiae
1081 3549 1182 3603 monet
1204 3547 1410 3620 imperatorem
1433 3546 1614 3608 Friderlcum

623 3658 641 3701 a
656 3649 740 3718 pacto
753 3644 834 3718 pacis
846 3658 939 3718 nuper
956 3644 987 3702 10
1006 3643 1053 3700 die
1073 3641 1187 3700 Coenee
1201 3643 1319 3717 juratae
1339 3643 1451 3702 resilire
1472 3644 1613 3722 voluisse,

622 3739 813 3815 hortaturque
828 3745 861 3799 ut
872 3741 1024 3816 negotium
1037 3738 1106 3798 lidei
1121 3741 1283 3815 peripsum
1298 3740 1498 3817 lantgravium
1511 3741 1614 3801 laude-

623 3833 720 3895 billter
734 3836 903 3894 inchoatum
917 3837 980 3911 lpse
993 3836 1157 3911 promptius
1173 3843 1346 3912 exequatur.
1559 3847 1614 3896 133

209 3945 225 3995 3
237 3937 326 4013 junii.
417 3934 505 4010 Apud
584 3965 625 3978 —
645 3933 754 3992 Othoni
767 3932 909 3992 cardinali
922 3934 1056 4008 episcopo
1069 3933 1440 3994 Portuenslauctoritatem
1453 3933 1615 3994 couiertde

385 4032 535 4090 civitatem
624 4033 832 4107 negotiopacls
845 4046 913 4090 oum
925 4032 1055 4107 principe
1066 4031 1245 4092 tractandae.
1389 4037 1564 4091 13001001.
1582 4040 1612 4092 0.

360 4126 568 4188 Castellauam.

202 4221 362 4298 1010011..
388 4269 396 4284 .
421 4266 429 4284 .
454 4266 462 4284 .
488 4269 495 4283 .
519 4268 527 4284 .
560 4256 624 4283 .-
645 4223 793 4301 Rayuerlo
812 4223 937 4283 Sanciae
958 4223 1070 4283 Mariae
1095 4226 1126 4282 10
1150 4223 1306 4283 cosmedin
1327 4223 1452 4283 diacono
1472 4223 1614 4284 cardinali

625 4322 703 4379 vices
723 4336 793 4379 suas
810 4323 967 4380 committit
983 4323 1012 4378 in
1031 4322 1206 4396 patrimonio
1225 4322 1307 4380 Beati
1326 4323 1419 4399 Petri,
1438 4324 1468 4380 iu
1490 4324 1613 4394 Tuscia,

625 4417 733 4476 ducatu
747 4416 904 4492 Spoletano
915 4423 946 4475 et
959 4418 1089 4476 marchia
1103 4418 1297 4477 Anconitana.
1417 4427 1489 4497 101,
1504 4425 1566 4479 001.
1586 4430 1613 4479 1.

216 4519 232 4570 3
243 4510 323 4587 jolii.
398 4512 520 4574 ianuae
586 4545 624 4558 -
645 4514 739 4574 Suum
758 4514 837 4591 apud
855 4515 982 4574 ianuam
1004 4515 1117 4573 felicem
1138 4515 1298 4574 adventum
1320 4515 1468 4592 Raynerio
1492 4515 1616 4576 Sanctae

624 4612 736 4676 Mariae
747 4615 776 4672 in
791 4612 946 4672 Cosmedin
960 4612 1083 4672 diacono
1097 4612 1237 4672 cardinali
1249 4615 1382 4684 nuntiat,
1399 4629 1523 4673 mouens
1537 4617 1617 4692 qnod

625 4709 658 4768 iu
670 4708 816 4770 Ecclesiae
830 4712 956 4787 negotiis
971 4711 1093 4770 viriliter
1107 4717 1136 4769 et
1149 4710 1308 4787 prudenter
1322 4727 1352 4770 se
1366 4711 1483 4771 habeat.
1558 4722 1613 4773 101
