4300 5916
235 572 338 632 horor.
354 569 401 648 2]
683 567 880 630 tttstottta
903 566 1198 632 oterolttttcs.
1583 575 1645 638 853

317 702 439 783 (lredlt.
451 701 677 763 exobertulerlo
686 702 796 778 duplici
810 705 873 764 slve
884 699 1060 782 copiulbuclt,
1074 708 1137 762 tuor
1153 706 1186 762 ln
1195 704 1386 782 Borollnersl,
1398 708 1501 766 tumtr
1515 709 1645 788 Klinlgs·

360 807 498 887 bergensi
511 807 637 868 archivis
650 807 824 886 asservato.)

173 961 178 968 ’
283 967 480 1056 Corradus,
500 966 572 1039 divi
589 966 727 1058 augusti
752 966 969 1061 imperatoris
989 965 1154 1039 Friderici
1177 964 1284 1054 filins,
1303 969 1364 1040 Dei
1385 971 1495 1062 gratia
1516 973 1642 1046 Roma·

235 1111 362 1163 norum
378 1090 414 1161 in
430 1105 548 1183 rogem
569 1090 719 1180 electus,
738 1111 876 1185 semper
895 1101 1064 1183 augustus
1078 1099 1113 1162 et
1130 1090 1232 1163 beree
1247 1093 1344 1184 regni
1364 1095 1638 1168 lerosolimitari.

125 1235 129 1246 ·
235 1236 301 1310 per
320 1235 464 1310 presens
491 1215 658 1310 scriptum
686 1224 808 1286 notum
831 1215 975 1286 iacimus
999 1215 1170 1287 universis
1194 1224 1264 1286 tam
1292 1215 1508 1310 presentibus
1536 1239 1640 1314 quam

235 1338 361 1410 luturis
375 1337 471 1430 quod
489 1337 704 1409 venerabiles
720 1338 842 1410 iratres
863 1338 1042 1433 hospitalis
1057 1339 1180 1410 Sancte
1194 1339 1300 1410 llario
1314 1315 1438 1411 domus
1454 1339 1642 1413 Thcutori·

236 1482 358 1534 corum
374 1461 411 1532 in
425 1461 634 1551 Ierusalem,
650 1460 769 1532 dilecti
782 1461 901 1551 robis,
919 1462 1150 1556 subscriptum
1165 1461 1382 1557 privilegium
1399 1463 1570 1535 indultum
1591 1465 1642 1538 eis

235 1585 414 1671 adomiro
430 1595 528 1681 patre
553 1592 674 1657 nostro
696 1583 870 1656 Friderico
883 1585 1091 1679 imperatore
1111 1587 1329 1660 serenissimo
1345 1608 1482 1683 semper
1495 1599 1642 1682 augusto

236 1718 354 1781 nostre
365 1708 574 1781 excellencie
589 1716 833 1802 presentarunt
848 1709 974 1780 devote
989 1709 1240 1805 supplicantes,
1261 1721 1300 1781 ut
1314 1710 1406 1782 idem
1423 1711 1641 1805 privilegium
1726 1757 1729 1765 ‹

238 1832 419 1922 innovare,
431 1841 544 1903 ratum
561 1830 689 1902 babere
702 1840 737 1902 et
748 1829 952 1904 confirmare
967 1832 1013 1904 de
1027 1843 1145 1905 rostra
1161 1833 1272 1924 gratia
1286 1832 1520 1924 dignaremur.
1532 1837 1642 1928 Hujus

236 1956 354 2049 itaque
369 1954 539 2050 privilegii
556 1964 655 2026 teror
670 1976 735 2050 per
749 1955 865 2026 omria
884 1956 962 2027 talis
977 1965 1075 2028 erat:

285 2075 468 2174 (Sequitur
488 2077 707 2173 privilegium
731 2079 896 2151 Friderici
914 2079 962 2168 ll,
984 2078 1104 2151 datum
1124 2078 1219 2174 apud
1240 2077 1376 2172 Accor,
1401 2102 1520 2152 merse
1541 2081 1640 2176 aprili

239 2201 349 2290 4229,
367 2201 581 2296 quodsupra
597 2202 781 2292 edidimus,
802 2213 827 2274 t.
846 2204 957 2298 111,p.
975 2201 1079 2298 tae.)

285 2324 357 2426 Nos
374 2323 479 2416 igitur
496 2324 631 2396 devotis
652 2324 960 2419 supplicationibus
982 2325 1217 2420 predictorum
1238 2327 1401 2416 lratrum,
1425 2327 1485 2419 qui
1505 2347 1643 2422 semper

237 2445 306 2520 lide
321 2448 455 2519 sincera
476 2447 618 2518 domino
638 2448 728 2542 patri
746 2458 883 2537 rostro,
906 2448 1008 2522 robis
1029 2459 1064 2526 et
1085 2449 1231 2543 imperio
1254 2449 1473 2522 laudabiliter
1495 2450 1641 2524 adhese-

238 2580 339 2660 runt,
358 2570 454 2643 etad
473 2570 721 2641 exaltationem
738 2572 847 2642 nostri
864 2571 1013 2643 nominis
1036 2582 1071 2643 et
1091 2572 1232 2644 honoris
1252 2575 1452 2666 frequenter
1473 2575 1640 2669 aspirant,

238 2693 474 2766 favorabiliter
496 2704 710 2785 annuentes,
730 2695 959 2767 memoratum
981 2695 1202 2789 privilegium
1224 2695 1269 2768 de
1292 2697 1402 2768 verbo
1425 2697 1472 2769 ad
1496 2697 1642 2771 verbnm

240 2817 484 2913 transcriptum
512 2818 664 2912 presenti
687 2818 868 2913 privilegio
888 2830 1008 2890 nostro
1034 2819 1138 2889 inseri
1158 2819 1341 2911 jussimus,
1368 2829 1407 2892 ct
1424 2820 1586 2894 universa
1600 2843 1642 2894 ac

238 2941 374 3034 singula
400 2963 469 3034 que
492 2923 715 3013 continentur
738 2942 871 3036 inipso
894 2941 1117 3034 innovamus,
1137 2941 1367 3034 ratificamus,
1394 2953 1429 3014 et
1450 2965 1514 3038 pro
1531 2945 1642 3016 salute

228 3061 382 3159 'paterna
405 3076 440 3136 et
460 3065 614 3138 remedio
636 3075 857 3160 peccatorum
882 3065 1056 3137 carissime
1085 3065 1214 3168 matris,
1230 3075 1347 3137 nostre
1369 3067 1461 3137 clare
1477 3068 1642 3139 memorie

237 3188 427 3260 liberaliter
450 3187 711 3276 confirmamus,
737 3197 932 3260 statuentes
959 3210 1004 3259 ne
1033 3189 1111 3280 quis
1138 3199 1259 3260 contra
1288 3189 1444 3280 ejusdem
1471 3191 1642 3285 privilegii

117 3411 120 3417 ἱ
237 3322 393 3384 tenorem
413 3311 533 3384 venire
553 3321 731 3407 presumat
753 3311 985 3405 aliquatenus.
1007 3313 1051 3384 Ut
1070 3323 1187 3386 autem
1212 3312 1317 3406 hujus
1340 3313 1421 3384 iacti
1437 3315 1545 3386 nostri
1568 3316 1641 3387 evi·

237 3433 361 3506 dencia
387 3444 594 3527 perpetuum
624 3435 730 3506 robur
758 3435 912 3505 obtineat
936 3433 1126 3526 firmitatis,
1153 3433 1484 3532 presens‘scriptum
1510 3437 1584 3510 fieri
1608 3451 1644 3511 et

238 3556 350 3648 sigillo
363 3557 473 3628 nostri
489 3558 647 3628 culminis
659 3558 825 3650 jussimus
837 3543 1017 3630 roborari·

286 3681 404 3751 Testes
426 3688 544 3751 autem
567 3678 673 3772 hujus
698 3669 749 3784 rei
768 3663 855 3752 ¹sunt
880 3673 1079 3774 Heinricus,
1114 3682 1323 3754 venerabilis
1346 3683 1643 3776 Babenbergersls

239 3802 388 3892 electos,
416 3803 588 3894 magister·
604 3795 784 3900 Philippus
814 3805 1032 3876 decretorum
1061 3804 1196 3896 doctor,
1228 3805 1495 3898 Rindesmulus,
1526 3819 1643 3882 custos

238 3903 547 4018 Babenbergersis,
563 3925 710 4017 Ulricus,
724 3947 839 3998 comes
855 3927 900 3998 de
913 3927 1060 4018 Ultimis,
1086 3928 1264 4001 Corradus
1282 3930 1489 4020 burgravius
1507 3931 1550 4003 de
1571 3934 1642 4006 No·

238 4047 393 4139 rinberc,
409 4049 616 4122 Godefridns
632 4059 667 4121 et
687 4050 863 4123 Corradus
888 4051 1012 4122 iratres
1027 4051 1072 4122 de
1087 4052 1263 4144 Hobenl0,
1282 4053 1460 4126 Corradus
1485 4054 1530 4125 de
1554 4057 1643 4130 Smi-

240 4170 372 4261 develt,
394 4173 528 4244 Ulricus
550 4173 595 4244 de
613 4173 864 4268 Kynegesteir,
893 4174 1099 4247 Godefridus
1118 4175 1170 4246 de
1195 4177 1376 4267 Solzburc,
1395 4177 1503 4249 etalii
1522 4200 1643 4272 quam-

241 4295 371 4388 plures.
1244 4296 1246 4300 ’

288 4420 414 4490 Actum
439 4441 532 4493 arro
558 4419 694 4492 Domini
716 4421 958 4511 M.CC,XLIll,
984 4443 1103 4494 mense
1130 4421 1342 4513 decembris,
1373 4422 1561 4496 indictione
1588 4446 1643 4496 se-

243 4541 368 4613 cunda.

288 4665 414 4736 Datum
433 4665 527 4760 apud
541 4667 749 4757 Norinberc,
771 4688 881 4758 ann0,
902 4688 1021 4738 mense
1038 4676 1074 4738 et
1090 4667 1277 4740 indictione
1290 4669 1500 4766 prescriptis.

319 4786 372 4848 VI.
393 4801 481 4846 rma.
1429 4802 1484 4854 1⁰8
