4310 5908
499 593 561 658 8OE
995 591 1212 654 releuaret
1236 588 1410 653 sacuam
1712 586 1794 666 [har.
1812 585 1901 650 1950.

499 737 626 802 ventus
642 727 750 822 ipsius
763 726 973 821 deputentur
990 727 1036 800 ad
1055 725 1309 823 reparationem
1326 735 1361 796 et
1376 721 1708 796 consummationem
1724 722 1840 818 pontis
1854 721 1903 794 ibi

499 849 688 926 constructi
707 851 764 922 vel
785 848 1021 921 construendi.
1040 889 1086 902 -
1107 850 1193 920 ltem
1212 847 1395 920 statuimus
1413 855 1455 918 ot
1475 866 1597 918 omnes
1620 845 1748 940 captivi
1766 845 1801 916 in
1825 866 1902 918 car·

500 997 579 1050 cere
599 984 719 1047 nostro
737 972 870 1046 detenti
890 973 1095 1062 liberentur,
1113 983 1230 1069 preter
1246 973 1324 1044 illos
1344 969 1390 1043 de
1410 970 1555 1066 imperio
1575 979 1612 1043 et
1629 980 1745 1064 preter
1764 969 1843 1042 illos
1857 969 1902 1042 de

500 1120 608 1192 regno
628 1099 688 1191 qui
708 1098 800 1193 capti
824 1106 906 1170 sunt
928 1119 976 1169 ex
990 1097 1195 1193 proditionis
1217 1105 1312 1168 nota.
1327 1133 1378 1152 -·-
1396 1094 1482 1168 ltem
1505 1093 1686 1166 statuimus
1708 1093 1804 1188 qnod
1822 1114 1901 1189 pre·

500 1225 590 1296 latus
607 1221 807 1294 llanlredus
821 1219 912 1292 lilius
930 1229 1049 1294 noster
1066 1221 1226 1293 omnibus
1243 1217 1466 1292 benemeritis
1483 1219 1529 1292 de
1543 1217 1672 1290 familia
1689 1227 1808 1291 nostra
1821 1237 1902 1313 pro·

499 1347 616 1420 videat
638 1348 714 1419 vice
737 1345 907 1418 nostruin
927 1345 1040 1439 terris,
1065 1345 1186 1418 castris
1202 1354 1239 1416 et
1255 1342 1361 1432 villis,
1384 1343 1481 1416 salvo
1499 1342 1661 1416 demanio
1677 1342 1774 1434 regni
1794 1341 1902 1414 nostri

499 1469 625 1560 Sicilie,
660 1479 707 1542 et.
720 1468 815 1564 quod
841 1469 1019 1542 Comedus
1048 1480 1084 1541 et
1106 1467 1287 1540 Heinricus
1313 1466 1460 1562 predicti
1484 1465 1546 1538 lilii
1570 1467 1679 1540 nostri
1701 1476 1738 1538 et
1754 1464 1902 1539 heredes

500 1615 621 1668 corum
643 1602 757 1666 ratum
777 1603 813 1665 et
832 1591 970 1665 firmum
990 1592 1144 1666 habeant
1167 1591 1335 1686 quicquid
1359 1591 1452 1665 idem
1480 1589 1680 1664 Manlredns
1704 1609 1809 1685 super
1834 1588 1902 1662 hoc

499 1717 640 1792 duxerit
654 1717 864 1790 laciendum.
883 1757 933 1772 ·-
945 1718 1031 1789 ltem
1048 1717 1210 1789 volumus
1228 1725 1265 1788 et
1283 1715 1488 1788 mandamus
1505 1714 1601 1808 quod
1619 1715 1736 1786 nullus
1756 1713 1801 1786 de
1817 1735 1900 1809 pro·

499 1840 671 1914 ditoribus
682 1841 780 1934 regni
798 1841 834 1913 in
850 1841 967 1936 aliquo
986 1851 1141 1936 tempore
1162 1839 1291 1912 reverti
1313 1838 1442 1912 audeat
1464 1838 1500 1910 in
1526 1859 1691 1930 regnum,
1708 1857 1775 1910 nec
1793 1836 1901 1930 aliqui

499 1963 543 2037 de
558 1986 678 2037 eorum
693 1986 821 2058 genere
843 1964 1029 2037 succedere
1046 1963 1195 2059 possint;
1214 1964 1320 2036 immo
1337 1963 1486 2036 heredes
1499 1962 1609 2034 nostri
1626 1970 1810 2035 teneantur
1822 1962 1900 2034 vin·

499 2088 627 2161 dictam
651 2087 696 2160 de
721 2089 771 2160 eis
795 2109 943 2160 sumere.
964 2129 1006 2140 -
1024 2089 1109 2160 Item
1136 2087 1318 2159 statuimus
1339 2086 1436 2180 quod
1458 2086 1724 2176 mercatoribus,
1750 2083 1900 2158 credito·

499 2210 596 2284 ribus
611 2211 753 2301 nostris,
770 2211 887 2284 debita
903 2211 1094 2284 solvantur.
1106 2251 1156 2266 -
1166 2212 1251 2282 Item
1267 2209 1449 2283 statuimus
1461 2218 1502 2282 ut
1517 2218 1733 2282 sacrosancte
1748 2210 1901 2284 Romane

498 2333 649 2407 Ecclesie
669 2335 769 2407 matri
784 2344 902 2408 nostre
926 2336 1151 2408 restituantur
1172 2334 1287 2408 omnia
1304 2336 1383 2428 jura
1403 2356 1484 2426 sua,
1503 2334 1608 2408 salvis
1626 2334 1663 2406 in
1684 2335 1845 2408 omnibus
1866 2345 1902 2408 et

498 2479 563 2554 per
582 2459 698 2531 omnia
715 2459 794 2550 jure
812 2470 848 2531 et
865 2458 997 2532 honore
1013 2460 1168 2555 imperii,
1188 2459 1357 2532 heredum
1375 2468 1573 2532 nostrorum
1592 2467 1628 2530 et
1647 2458 1794 2531 aliorum
1813 2457 1900 2532 fide·

498 2581 601 2673 liam,
623 2583 652 2654 si
671 2583 745 2678 ipsa
762 2583 917 2656 Ecclesia
936 2584 1094 2656 restituat
1106 2585 1186 2676 jura
1206 2582 1355 2679 imperii.
1370 2621 1421 2638 -
1435 2582 1521 2654 ltem
1538 2581 1720 2654 statuimus
1741 2592 1781 2653 ut
1804 2581 1834 2653 si
1855 2582 1900 2655 de

498 2707 651 2801 presenti
671 2705 870 2779 infirmitate
894 2727 957 2779 nos
975 2707 1063 2779 mori
1090 2706 1290 2800 contigerit,
1315 2706 1352 2778 in
1374 2705 1497 2799 majori
1519 2704 1664 2778 ecclesia
1685 2705 1844 2778 Panormi
1864 2706 1900 2776 in

498 2849 568 2922 qua
586 2829 658 2901 divi
678 2829 895 2925 imperatoris
914 2829 1065 2903 Heinrici
1091 2840 1126 2902 et
1147 2830 1227 2903 dive
1247 2830 1473 2926 imperatricis
1497 2829 1698 2904 Constancie
1717 2839 1900 2924 parentum

497 2963 695 3024 nostrorum
713 2953 879 3026 memorie
898 2954 1083 3027 recolende
1106 2955 1275 3027 tumulata
1299 2964 1380 3027 sunt
1403 2973 1566 3048 corpora,
1591 2973 1718 3048 corpus
1743 2963 1900 3026 nostram

499 3075 625 3148 debeat
640 3076 795 3171 sepeliri;
815 3078 872 3149 cui
886 3077 1031 3150 ecclesie
1049 3076 1253 3149 dimittimus
1268 3077 1388 3149 uncias
1401 3075 1476 3149 auri
1491 3075 1698 3169 quingentas
1711 3097 1776 3171 pro
1790 3076 1900 3148 salute

498 3199 692 3273 animarum
716 3201 886 3275 dictomm
909 3213 1092 3298 parentum
1116 3213 1314 3275 nostrorum
1334 3211 1371 3274 et
1391 3212 1523 3293 nostre,
1547 3221 1611 3296 per
1624 3201 1899 3274 mannsberardi

499 3325 706 3397 venerabilis
722 3326 957 3400 Panormitani
977 3325 1228 3421 archiepiscopi
1248 3325 1423 3398 familiaris
1444 3335 1481 3398 et
1497 3323 1610 3398 fidelis
1624 3324 1732 3398 nostri
1746 3325 1783 3395 in
1798 3347 1899 3420 repa·

500 3449 632 3521 ratione
650 3450 756 3544 ipsius
772 3451 917 3523 ecclesie
933 3451 1139 3544 erogandas.

547 3571 704 3646 Predicta
720 3582 838 3645 autem
854 3574 971 3647 omnia
990 3596 1058 3668 que
1077 3583 1155 3646 acta
1177 3582 1259 3645 sunt
1281 3573 1317 3644 in
1334 3573 1507 3668 presentia
1528 3571 1611 3646 dicti
1635 3573 1897 3670 archiepiscopi,

497 3695 675 3770 Bartholdi
700 3696 907 3770 marchionis
933 3697 978 3769 de
1007 3697 1207 3790 Hoemburg
1234 3696 1353 3770 dilecti
1384 3697 1630 3789 consanguinei
1656 3709 1691 3770 et
1724 3698 1899 3770 familiaris

497 3823 624 3914 nostri,
646 3821 803 3895 Riccardi
830 3821 964 3896 comitis
990 3823 1166 3897 Gusertani
1193 3822 1310 3896 dilecti
1336 3823 1456 3916 generi
1476 3823 1604 3914 nostri,
1625 3825 1717 3896 Petri
1739 3823 1830 3897 lindi
1854 3825 1899 3897 de

355 4035 365 4056 ι
497 3945 653 4019 Calabria
672 3945 858 4018 maristalle
874 3955 991 4019 nostre
1010 3947 1183 4040 magistri,
1201 3946 1359 4018 Riccardi
1375 3947 1420 4020 de
1436 3947 1652 4040 llontenigrn
1672 3948 1766 4020 curie
1783 3957 1899 4022 nostre

497 4070 651 4162 magistri
668 4070 869 4164 justiciarii,
885 4071 1039 4164 magistri
1060 4069 1228 4143 Iohannis
1244 4069 1289 4142 de
1304 4070 1465 4160 Ytronto,
1482 4071 1641 4146 Falconis
1655 4072 1759 4164 lluffi,
1775 4072 1900 4146 Iohan-

497 4193 552 4266 nis
567 4192 611 4266 de
625 4194 746 4278 Ocrea,
760 4193 915 4288 magistri
930 4194 1095 4268 Iohannis
1113 4195 1158 4266 de
1170 4192 1334 4285 Procida,
1350 4194 1503 4287 magistri
1515 4195 1657 4268 liuberti
1672 4195 1717 4270 de
1730 4198 1899 4269 Panormo

496 4317 633 4414 imerii
653 4327 689 4390 et
703 4319 800 4412 regni
816 4318 929 4391 Sicilie
947 4328 984 4391 et
1003 4339 1129 4411 mague
1148 4317 1242 4390 curie
1258 4327 1377 4391 nostre
1389 4318 1531 4409 judicis,
1549 4328 1585 4392 et
1601 4320 1757 4413 magistri
1770 4321 1899 4396 Nicolai

496 4443 542 4516 de
556 4441 751 4515 Brundusio
772 4442 902 4538 publici
923 4443 1119 4516 tabellionis
1140 4442 1275 4538 imperii
1297 4451 1332 4514 et
1356 4442 1454 4534 regni
1476 4443 1590 4516 Sicilie
1613 4454 1649 4516 et
1668 4445 1763 4518 curie
1783 4455 1898 4519 nostre

496 4565 639 4658 notarii,
667 4577 863 4640 nostrorum
888 4564 1061 4657 fidelium,
1086 4585 1175 4660 quos
1199 4567 1351 4660 presenti
1373 4567 1589 4662 dispositioni
1610 4577 1728 4642 nostre
1753 4569 1898 4644 manda·

495 4690 611 4764 vimus
622 4689 803 4784 interesse,
819 4712 883 4787 per
901 4688 1096 4789 pradictum
1117 4689 1314 4763 conradum
1327 4689 1437 4764 lilium
1457 4701 1493 4764 et
1507 4691 1673 4767 heredem
1688 4703 1845 4768 nostrum
1863 4703 1900 4768 et
