4352 5940
246 653 345 710 ruere.
361 650 408 728 c]
699 647 894 708 ursronrn
921 644 1218 710 nrrnouarron.
1597 641 1653 704 cor

247 787 366 858 stolica
380 786 480 860 vobis
494 786 621 882 scripta
635 783 781 856 firmiter
792 785 1012 878 injungentes
1020 794 1192 878 quatenus
1201 781 1459 854 considerantes
1467 779 1659 877 prudenter

247 911 349 982 nimis
365 921 467 1007 turpe
484 932 560 982 esse
581 931 662 981 oum
685 931 741 980 res
760 930 931 980 annorum
950 910 1138 981 multomm
1153 915 1311 1004 promota
1327 906 1504 978 laboribus
1519 907 1656 978 culmen

246 1035 385 1128 attingit
399 1037 445 1107 ab
462 1034 617 1114 instanti,
632 1055 697 1131 por
711 1034 871 1106 inertiam
885 1034 1048 1122 relaxari,
1067 1035 1103 1103 in
1121 1031 1320 1105 defensione
1337 1031 1484 1104 civitatis
1503 1030 1660 1127 predicte

246 1160 290 1231 de
304 1181 375 1253 qua
390 1159 521 1255 pendet
535 1158 751 1254 potissimum
767 1159 934 1230 relevatio
950 1157 1283 1249 statusltalie,nullo
1297 1155 1410 1229 velitis
1425 1163 1580 1250 tempore
1595 1153 1657 1226 de·

247 1281 350 1355 licere
373 1285 430 1355 vel
452 1281 599 1372 remitti,
616 1283 772 1375 quinimo
797 1292 962 1376 tanquam
985 1281 1051 1354 viri
1071 1280 1204 1353 strenui
1225 1281 1393 1373 majorem
1414 1301 1461 1351 ex
1482 1277 1659 1375 prosperis

245 1409 463 1480 successibus
478 1407 632 1479 animum
647 1407 844 1498 induentes,
858 1405 974 1477 adbuc
987 1401 1195 1498 laudabilius
1208 1403 1372 1474 insistatis
1388 1403 1434 1475 ad
1447 1423 1659 1499 consequen·

246 1533 332 1603 dum
356 1531 485 1604 ibidem
511 1533 653 1628 plenum
673 1533 718 1605 de
743 1541 891 1627 tyranno
913 1529 1113 1625 tropheum,
1132 1529 1193 1602 ubi
1212 1538 1284 1602 teta
1306 1529 1456 1623 resurgit
1476 1529 1656 1602 vobiscum

245 1655 400 1730 fidelium
422 1657 630 1728 universitas
648 1655 676 1727 si
694 1656 804 1728 bostis
824 1655 895 1728 illic
915 1653 1064 1726 finaliter
1081 1665 1277 1748 superetur,
1296 1675 1375 1724 cum
1392 1653 1499 1725 semel
1515 1653 1656 1748 quidem

245 1781 392 1854 allisisse
407 1803 480 1852 non
496 1781 622 1853 sufficit
639 1781 723 1852 dum
739 1779 842 1872 gestit
857 1779 1080 1874 pertinaciter
1090 1779 1127 1848 in
1139 1778 1301 1868 victores,
1321 1777 1403 1872 quia
1418 1779 1528 1851 victor
1541 1779 1658 1851 incau-

248 1917 304 1976 tus
319 1927 341 1976 a
356 1905 449 1978 victo
475 1925 559 1998 sepe
582 1904 771 1975 revincitur
791 1903 819 1974 si
843 1903 963 1973 militie
991 1903 1168 1994 cingulum
1194 1901 1296 1973 solvit
1319 1902 1375 1974 vel
1396 1923 1434 1973 se
1456 1903 1599 1976 resolvit
1621 1903 1655 1974 in
1784 1961 1792 1972 .

246 2030 400 2123 quietem
421 2030 622 2125 priusquam
641 2030 743 2102 cedat
762 2029 954 2100 adversitas
973 2029 1187 2100 reluctantis.
1208 2029 1314 2100 Porro
1332 2047 1377 2098 ne
1394 2049 1517 2122 parum
1533 2027 1577 2100 sit
1593 2051 1656 2102 vos

245 2153 378 2227 hortari
394 2175 459 2250 per
472 2155 604 2226 litteras
621 2153 667 2225 ad
684 2161 753 2225 tam
768 2152 1000 2225 necessarium
1016 2152 1195 2244 negotium
1207 2151 1530 2244 consummandum,
1547 2151 1655 2226 dilec-

247 2287 323 2349 tum
337 2277 446 2350 lilium
463 2278 665 2370 magistrum
678 2277 865 2350 Martinum
876 2278 1095 2372 capellanum
1112 2275 1404 2363 nostrum,virum
1420 2277 1607 2349 litteratum
1621 2289 1656 2349 et

246 2402 397 2496 probum
414 2411 451 2474 et
465 2396 565 2474 nobis
578 2413 614 2474 ct
628 2401 792 2474 tratribus
804 2401 929 2473 nostris
946 2401 982 2471 in
998 2399 1156 2496 pluribus
1171 2399 1416 2496 approbatum,
1431 2399 1476 2473 de
1492 2423 1562 2496 quo
1578 2405 1654 2498 ple-

246 2547 329 2596 nam
347 2525 384 2596 in
404 2526 552 2597 Domino
568 2523 732 2597 fiduciam
747 2525 957 2614 obtinemus,
976 2524 1023 2596 ad
1043 2545 1106 2596 vos
1129 2533 1272 2619 propter
1285 2523 1351 2596 boc
1368 2524 1533 2598 duximus
1547 2526 1654 2600 desti-

246 2648 418 2739 nandum,
433 2669 496 2745 per
512 2649 701 2744 apostolica
715 2648 842 2743 scripta
856 2647 1061 2720 mandantes
1076 2657 1247 2741 quatenus
1263 2669 1368 2743 super
1384 2647 1451 2719 hiis
1469 2669 1537 2741 que
1556 2650 1655 2723 vobis

247 2793 295 2844 ex
306 2781 404 2868 parte
415 2782 534 2845 nostra
543 2772 672 2845 dixerit
685 2772 866 2846 credentes
879 2772 1056 2863 eidem,ea
1068 2771 1195 2842 curetis
1208 2783 1369 2868 prompto
1381 2771 1505 2846 affectu
1520 2773 1654 2847 effectui

246 2897 352 2969 celeri
368 2898 584 2994 mancipare,
601 2897 649 2968 ita
667 2897 762 2990 quod
780 2896 908 2969 exinde
925 2895 1152 2968 devocionem
1166 2905 1318 2968 vestram
1331 2896 1445 2990 dignis
1461 2899 1496 2970 in
1510 2900 1655 2974 Domino

246 3021 410 3094 laudibus
421 3019 716 3094 commendemus.
732 3021 802 3092 Nos
815 3029 932 3091 autern
948 3019 1008 3114 qui
1023 3018 1184 3090 fidelibus
1198 3019 1350 3092 Ecclesie
1365 3044 1475 3117 usque
1491 3024 1537 3096 ad
1550 3022 1654 3097 linem

247 3144 370 3218 adesse
381 3144 720 3242 proponimus,sicut
736 3144 959 3239 precedentia
975 3144 1019 3215 de
1032 3145 1258 3236 sequentibus
1270 3145 1489 3240 pollicentur,
1499 3148 1548 3220 sic
1564 3149 1655 3222 circa

248 3289 290 3340 ea
308 3289 378 3364 qne
401 3269 447 3340 ad
469 3289 590 3341 eorum
613 3265 782 3339 auxilium
806 3267 974 3362 expedire
994 3278 1197 3358 noscuntur,
1224 3267 1436 3342 intendimus
1460 3283 1654 3367 opportune

248 3393 343 3487 quod
368 3393 546 3488 protectus
570 3392 759 3487 apostolice
786 3391 1024 3464 sollicitudinis
1053 3402 1194 3463 auctore
1219 3393 1367 3466 Domino
1394 3395 1653 3490 comprobabit,

250 3520 440 3594 dummodo
456 3542 578 3592 manus
591 3529 706 3594 vestre
721 3520 757 3591 in
771 3518 1007 3592 defensionem
1023 3518 1190 3591 libertatis
1204 3521 1397 3592 communis
1413 3531 1449 3594 et
1463 3525 1601 3620 proprie
1614 3547 1655 3599 ac

250 3655 358 3718 status
384 3645 562 3741 provincie
586 3644 792 3716 Lombardie
820 3645 1019 3715 nullatenus
1041 3643 1292 3736 dissolvantur,
1319 3646 1384 3718 sed
1409 3646 1656 3721 confirmentur

251 3792 343 3842 nunc
359 3769 487 3865 potius,
507 3791 585 3841 cum
600 3767 725 3859 majori
741 3767 896 3840 noscitur
910 3767 1034 3838 robore
1049 3788 1137 3861 opus
1151 3789 1239 3839 esse.

302 4333 574 4446 Fragmentum
589 4339 745 4424 alterius
758 4343 937 4452 epistolae
958 4343 1166 4427 Innocentii
1179 4371 1298 4454 papae
1309 4345 1486 4456 (forsitan
1497 4348 1547 4430 ad
1557 4347 1656 4434 Man·
1718 4350 1830 4402 [lm-1

253 4471 403 4575 tuanos)
424 4480 467 4553 ut
483 4471 754 4557 Parmensibus
771 4473 897 4558 inedia
915 4477 1151 4586 consumptis
1170 4476 1339 4560 celeriter
1356 4479 1614 4588 provideatur.

332 4681 509 4762 (hauteur
523 4689 589 4751 cod.
603 4689 681 4752 Blbl.
696 4690 794 4752 Cesar.
809 4691 939 4752 Vindob.
955 4694 1036 4756 dicto
1049 4695 1231 4774 Philologus,
1242 4705 1276 4756 ιιο
1286 4704 1356 4770 305,
1371 4695 1424 4759 sol.
1442 4707 1480 4760 64
1490 4701 1596 4777 rento.)
