4310 5908
235 578 337 642 luctor.
353 577 397 662 9.]
689 581 885 646 HISTORIA
909 584 1203 649 otuuouautca.
1582 586 1639 648 811

324 710 420 792 (Edit.
432 729 483 792 ap.
496 711 598 796 sept.
612 711 732 776 Balarii
744 715 905 780 dfdccdan.
921 717 1036 794 term„
1059 727 1082 782 t.
1099 719 1125 796 1,
1142 737 1173 797 p.
1191 726 1260 796 tua,
1279 735 1318 778 ex
1336 717 1401 778 cod.
1421 719 1569 796 qnondam
1585 729 1642 782 ⁶³⁵

354 819 428 882 blot.
450 820 594 893 colhem,
615 837 685 884 cum
704 823 761 884 hec
777 825 895 886 rubrica
914 844 923 887 r
945 827 1019 908 Regi
1032 823 1165 888 Conrado
1183 821 1356 904 flansrcdur
1365 841 1422 904 per
1441 820 1593 888 Nicohum
1607 824 1642 886 dc

355 925 447 988 flocco
465 924 500 986 dc
521 934 611 989 morta
623 926 771 990 Flcdmci
782 931 977 1014 inperatoris.
991 963 1033 979 -
1046 933 1103 1011 Ap.
1118 933 1251 1006 Csnnso,
1265 927 1345 990 Bill.
1361 928 1429 992 tart.
1443 947 1526 1012 repo.
1542 930 1640 1006 seit,

354 1039 379 1094 t.
396 1034 438 1108 11,
452 1051 480 1112 p
499 1042 566 1107 aru,
583 1033 771 1112 etDuvmn,
788 1037 808 1097 1
813 1054 871 1120 req.
887 1035 1027 1120 repolcfaei
1040 1035 1088 1098 dcl
1103 1035 1199 1099 duom.
1211 1033 1243 1096 di
1255 1036 1400 1111 Polemo,
1416 1055 1446 1116 p.
1462 1046 1512 1112 etl,
1522 1045 1586 1099 not.
1595 1038 1640 1119 s.)

283 1208 443 1284 Turbinis
455 1212 598 1284 calicem
612 1233 717 1305 quem
730 1235 844 1310 nuper
856 1213 901 1288 de
911 1216 1019 1312 patris
1030 1225 1065 1288 et
1077 1213 1209 1288 domini
1222 1213 1331 1286 nostri
1347 1236 1428 1287 casn
1442 1237 1512 1288 non
1526 1215 1641 1288 minus

233 1334 361 1405 mentis
391 1356 496 1428 mam
519 1337 700 1410 oculorum
726 1337 899 1411 indusione
928 1338 1236 1435 transumpsimus,
1262 1337 1432 1410 vellemus
1451 1339 1598 1411 libenter
1619 1361 1641 1410 a

232 1457 367 1552 poculis
382 1459 506 1532 vestris
521 1460 699 1556 excipere,
723 1462 820 1534 velut
845 1463 905 1556 qui
931 1483 1087 1535 mensam
1109 1471 1261 1535 vestram
1286 1462 1393 1554 gratis
1417 1462 1641 1556 concupimus

234 1578 415 1655 dulcorare
431 1583 583 1676 deliciis,
606 1593 643 1656 et
658 1585 840 1681 precordia
854 1595 968 1659 vestra
986 1586 1130 1681 placidis
1147 1585 1332 1658 anxiamur
1351 1583 1544 1678 gratificare
1560 1588 1639 1682 pnl-

232 1704 371 1776 mentis.
397 1705 466 1777 Sed
489 1716 529 1777 ut
553 1706 653 1780 dolor
669 1729 773 1801 quem
790 1707 917 1780 exinde
942 1718 1082 1800 gustare
1099 1729 1163 1782 vos
1180 1708 1358 1798 novimus,
1383 1707 1573 1780 nuntiantis
1596 1709 1640 1780 sit

231 1829 522 1924 contemplatione
536 1829 723 1921 remissior,
739 1831 819 1904 licet
831 1831 973 1904 forsitan
988 1833 1024 1905 id
1042 1835 1133 1906 fame
1145 1831 1309 1904 velocitas
1322 1852 1391 1925 qne
1407 1852 1539 1925 pennas
1558 1853 1640 1904 con-

232 1951 347 2025 suevit
363 1953 399 2024 in
418 1952 574 2026 adversis
594 1975 791 2046 assumere,
815 1955 1046 2049 magnitudini
1067 1964 1183 2028 vestre
1203 1953 1415 2051 predixerit,
1438 1954 1639 2026 nuntiantes

232 2085 349 2148 manen
362 2076 449 2149 alios
465 2077 632 2168 elegimus
646 2078 829 2173 prevenire
842 2089 883 2150 ut
896 2100 937 2150 eo
952 2079 996 2150 sit
1009 2078 1104 2151 casui
1116 2078 1252 2150 medela
1268 2077 1455 2173 proclivior
1464 2100 1534 2172 quo
1549 2100 1638 2150 nun·

232 2198 329 2271 tiatio
356 2209 474 2272 nostra
501 2201 669 2274 maturior
699 2200 746 2274 ad
773 2211 924 2274 vestram
947 2202 1104 2274 notitiam
1126 2201 1329 2274 deducetur.
1353 2201 1488 2274 Scimus
1508 2201 1636 2274 etenim

231 2323 372 2417 quodsi
391 2324 499 2419 patris
514 2325 660 2398 virtutes
673 2325 869 2415 attenditis,
891 2326 921 2398 si
937 2327 1013 2418 ejus
1026 2347 1131 2418 quem
1150 2324 1384 2421 multipliciter
1397 2335 1523 2398 natura
1540 2326 1638 2399 dota·

230 2458 330 2521 verat
344 2451 598 2543 complementa
609 2451 776 2545 pensatis,
789 2451 919 2523 nedum
935 2474 997 2524 vos
1012 2451 1073 2546 qui
1088 2471 1169 2524 caro
1181 2451 1226 2523 de
1239 2473 1343 2523 carne
1359 2450 1466 2545 ipsius
1483 2460 1517 2523 et
1538 2473 1577 2524 os
1591 2452 1635 2524 de

231 2571 366 2644 ossibus
373 2572 596 2663 descenditis,
606 2575 725 2667 lugere
733 2575 919 2667 cogimini,
937 2575 1000 2647 sed
1011 2584 1047 2647 et
1060 2575 1152 2646 oculi
1168 2575 1322 2646 omnium
1338 2575 1579 2646 universaliter
1589 2576 1635 2646 ad

230 2696 401 2792 lacrymas
412 2707 671 2770 convertantur.
686 2698 815 2771 Cecidit
829 2699 970 2791 quidam
985 2700 1036 2770 sol
1051 2697 1172 2770 mnndi
1186 2697 1246 2790 qni
1258 2697 1395 2768 lucebat
1408 2697 1444 2768 in
1458 2697 1632 2789 gentibus,

230 2820 355 2893 cecidit
372 2823 423 2893 sol
435 2822 588 2914 justitie,
607 2822 733 2895 cecidit
747 2833 868 2895 auctor
881 2823 988 2917 pacis.
1007 2821 1185 2895 Credimus
1202 2833 1317 2894 mmen
1333 2821 1428 2915 quod
1443 2821 1471 2892 si
1485 2821 1633 2893 circnm-

229 2945 374 3016 stantias
396 2945 471 3037 ejus
495 2943 653 3020 consulte
676 2946 872 3036 revolvitis,
897 2945 1141 3018 consolationis
1164 2943 1276 3016 vicina
1293 2944 1447 3016 remedia
1464 2943 1630 3015 sentietis.

228 3068 322 3141 Vixit
334 3069 427 3140 enim
440 3069 602 3141 dominus
615 3077 714 3164 pater
726 3079 845 3140 noster
858 3068 1002 3140 feliciter
1012 3078 1047 3139 et
1061 3068 1243 3139 victoriose
1257 3067 1340 3138 dnm
1351 3067 1452 3158 vixit,
1470 3078 1505 3138 et
1517 3067 1633 3139 divine

228 3192 418 3286 majestatis
442 3192 717 3285 auctoritasque
739 3192 957 3288 processibus
973 3192 1048 3284 ejus
1070 3192 1219 3263 viventis
1239 3191 1435 3281 adstiterat,
1455 3191 1633 3263 morientis

228 3312 356 3387 linibus
381 3315 492 3386 voluit
514 3336 585 3387 non
607 3316 742 3388 deesse.
762 3318 800 3387 ln
820 3316 904 3412 ipsis
924 3316 1065 3408 quidem
1084 3314 1205 3386 mortis
1226 3314 1379 3404 indiciis,
1404 3323 1521 3409 preter
1541 3314 1633 3386 dona

223 3435 369 3510 mirifica
384 3447 420 3510 et
441 3437 610 3510 beneficia
628 3439 862 3533 gloriosaque
880 3439 916 3510 in
935 3438 1130 3510 testamenti
1153 3438 1242 3508 serie
1269 3435 1429 3509 fidelibus
1455 3447 1633 3530 gratanter

92 3543 97 3556 ⁶
227 3559 391 3651 indulsit,
408 3570 661 3634 sacrosanctam
675 3563 863 3635 Romanam
886 3561 1075 3634 Ecclesiam
1096 3569 1242 3632 matrem
1261 3581 1358 3630 suam
1374 3561 1410 3632 in
1426 3561 1531 3633 corde
1547 3582 1631 3634 con·

229 3685 330 3770 tn‘to,
346 3685 443 3756 velut
459 3683 539 3757 fidei
556 3685 750 3758 orthodoxe
768 3686 910 3774 zelator,
932 3685 1108 3756 humiliter
1126 3684 1349 3775 recognovit,
1373 3694 1409 3756 ct
1423 3684 1631 3778 damnaque

227 3808 360 3880 dudum
381 3809 534 3880 ecclesiis
556 3809 685 3881 invitus
704 3809 844 3881 forsitan
859 3810 915 3881 vel
935 3809 1050 3903 potins
1064 3816 1271 3904 provocatus
1293 3806 1479 3896 intulerat,
1498 3807 1631 3897 integre

226 3931 451 4003 restauranda
473 3933 632 4004 sancivit.
651 3931 852 4006 Mirabiliter
868 3932 971 4003 etiam
986 3933 1082 4003 Deus
1098 3930 1211 4025 ipsum
1226 3930 1343 4001 beavit
1359 3930 1393 3999 in
1408 3930 1520 4019 exitu,
1536 3929 1631 4022 quod

226 4053 343 4125 liberis
357 4053 565 4126 fecundatus
578 4054 728 4147 adultis,
743 4054 805 4127 sed
819 4076 966 4149 persona
982 4063 1097 4126 vestra
1114 4053 1294 4149 precipue,
1310 4053 1467 4142 domine,
1482 4053 1517 4122 in
1531 4055 1632 4145 cujus

227 4176 379 4249 humeris
392 4177 561 4250 honorem
577 4187 613 4250 et
625 4199 714 4250 onus
728 4179 902 4271 regiminis
915 4175 1124 4269 glorificatus
1137 4176 1318 4271 appendit,
1336 4175 1381 4248 ad
1398 4177 1543 4270 patriam
1561 4198 1630 4269 quo

226 4299 292 4372 iter
310 4310 363 4372 est
379 4299 562 4389 omnibns,
582 4300 727 4373 feliciter
739 4301 873 4372 utinam
891 4300 1063 4391 victurus,
1082 4299 1237 4371 accessit.
1256 4299 1312 4370 Ex
1327 4319 1398 4392 quo
1413 4300 1534 4395 pulcra
1551 4321 1630 4395 spes

226 4423 281 4495 vel
295 4423 452 4518 plenaria
468 4423 639 4495 certitudo
654 4433 688 4495 et
701 4435 795 4495 certa
809 4423 934 4496 fiducia
951 4422 1103 4494 daturin
1117 4422 1278 4514 gentibus
1294 4431 1354 4514 nt,
1374 4421 1454 4494 licet
1469 4443 1630 4495 occasum

227 4547 277 4620 sol
297 4547 356 4619 ille
371 4547 528 4642 petierit,
551 4567 615 4643 per
632 4547 813 4639 cujusdam
838 4556 954 4618 tamen
974 4545 1242 4618 continuationis
1261 4545 1419 4617 ordinem
1440 4547 1631 4618 relucescet

226 4669 261 4742 in
285 4669 403 4761 vobis,
430 4681 466 4742 et
484 4671 565 4742 licet
584 4669 773 4744 fructificus
794 4673 907 4743 cultor
925 4671 983 4742 ille
999 4669 1151 4762 justitie,
1174 4665 1377 4760 magnificus
1398 4677 1521 4742 auctor
1535 4671 1631 4765 pacis
