4310 5908
237 597 337 656 nens.
354 597 404 673 n]
680 589 877 652 merosus
901 591 1199 656 urrsounrrca.
1584 594 1641 654 rer

237 730 406 818 libellum,
426 737 461 799 et
475 733 679 821 procurator
695 724 789 796 curie
807 725 1005 796 nominatus
1023 727 1070 799 ad
1083 726 1321 799 defensionem
1332 728 1419 819 juris
1433 729 1526 800 curie
1540 748 1644 822 ques·

236 855 315 927 dam
341 855 564 945 exceptiones
584 869 621 919 se
638 848 763 920 obtulit
781 849 1022 943 probaturum.
1043 851 1195 947 Recepto
1219 851 1324 944 igitur
1348 873 1369 923 a
1395 851 1551 946 partibus
1570 873 1646 948 pen

237 975 408 1072 emptorio
429 973 577 1046 termino
597 972 643 1044 ad
663 971 882 1068 probandum
915 981 950 1043 et
974 973 1227 1067 subsequenter
1248 974 1372 1047 eodem
1394 974 1542 1046 termino
1565 997 1646 1072 per·
1755 1015 1758 1023 ι

235 1098 409 1195 emptorio'
427 1094 613 1185 veniente,
628 1105 777 1189 utraque
796 1117 877 1191 pars
892 1096 1059 1192 produxit
1077 1097 1112 1168 in
1126 1097 1259 1190 judicio
1279 1107 1384 1170 testes
1400 1120 1500 1188 suos3
1520 1098 1647 1193 quibus

235 1223 280 1295 de
297 1224 379 1316 jure
394 1219 544 1315 receptis
564 1229 598 1291 et
624 1238 745 1291 eorum
764 1219 864 1291 dictis
882 1219 917 1290 iu
935 1220 1069 1313 judicio
1090 1221 1275 1316 publicatis
1295 1222 1385 1294 laeta
1401 1222 1539 1316 utrique
1555 1222 1645 1317 parti

235 1345 335 1441 eopia
354 1346 575 1434 eorumdem,
599 1343 785 1439 assumptis
813 1341 849 1418 iu
870 1344 1027 1416 rubricas
1045 1354 1081 1416 et
1103 1343 1250 1416 solemni
1271 1345 1507 1441 disputatione
1523 1346 1645 1418 babila

234 1493 340 1566 siper
358 1469 511 1568 efficacia
531 1469 778 1565 probatorum,
796 1468 1022 1542 nihilominus
1037 1479 1155 1544 nmen
1170 1470 1305 1564 quesivi
1325 1471 1463 1563 dejure
1481 1471 1577 1544 curie
1597 1469 1645 1544 ad

233 1596 405 1670 mucelam
417 1594 514 1668 curie
528 1592 754 1686 diligentersi
771 1593 868 1666 curia
882 1615 988 1688 super
1003 1595 1169 1688 predictis
1185 1595 1290 1668 rebus
1303 1595 1445 1689 aliquod
1459 1597 1518 1688 jus
1534 1596 1643 1670 babe-

233 1729 299 1791 ret.
317 1719 504 1812 Postquam
519 1738 603 1788 vero
624 1717 660 1787 in
677 1737 782 1788 causa
802 1717 877 1811 ipsa
889 1718 1126 1789 renuntiatum
1138 1717 1254 1790 extitit
1267 1727 1303 1790 et
1319 1741 1339 1790 a
1355 1719 1513 1814 partibus
1531 1719 1643 1790 iuclu-

232 1865 332 1932 sum,
353 1864 420 1936 ego
439 1842 500 1935 qui
522 1862 629 1936 supra
651 1840 806 1914 noerius
828 1840 1004 1914 lohannes
1026 1841 1146 1914 habito
1168 1863 1274 1938 super
1294 1842 1471 1936 premissis
1497 1843 1644 1916 consilio

233 1965 391 2058 diligenti
421 1987 501 2037 cum
528 1964 684 2061 predicto
709 1963 827 2058 judice
856 1966 958 2037 Petro
991 1965 1036 2038 de
1063 1968 1129 2038 Ota
1157 1977 1192 2038 et
1214 1967 1290 2038 aliis
1310 1966 1541 2061 prudentibus
1558 1967 1641 2039 viris

233 2089 365 2161 domini
376 2088 594 2183 imperatoris
607 2087 787 2178 fidelibus,
800 2088 881 2182 quia
896 2089 940 2161 de
954 2089 1146 2160 intentione
1160 2088 1307 2184 predicti
1319 2089 1433 2161 fratris
1443 2089 1638 2186 landulphi

231 2212 466 2309 procuratoris
492 2212 627 2308 syndici
645 2213 702 2284 vel
726 2212 853 2284 actoris
870 2212 1073 2284 eorumdem
1092 2213 1214 2285 decani
1231 2222 1266 2285 et
1283 2223 1493 2305 conventus,
1512 2233 1637 2286 secun·

230 2336 317 2409 dum
331 2337 429 2430 quod
445 2336 479 2407 in
499 2336 657 2432 predicto
671 2336 838 2408 mandato
854 2337 1064 2429 continetur,
1081 2337 1167 2408 mibi
1184 2327 1338 2410 constitit
1354 2337 1550 2428 evidenter,
1572 2359 1639 2411 nec

230 2479 277 2534 ex
305 2470 405 2556 parte
427 2461 512 2533 dicti
531 2461 763 2557 procuratoris
785 2461 879 2533 curie
902 2461 1034 2555 aliquid
1061 2463 1245 2557 probatum
1270 2461 1387 2534 extitit
1406 2463 1503 2556 qnod
1523 2463 1638 2536 inten-

229 2585 361 2658 tionem
387 2585 523 2678 agentis
555 2585 700 2657 elideret
725 2605 791 2658 nec
819 2584 924 2657 etiam
953 2585 1253 2680 inquisitionema
1280 2606 1336 2659 me
1364 2585 1639 2660 extraordinarie

228 2711 358 2782 laetam
376 2709 516 2801 dejure
535 2708 631 2782 curie
647 2729 753 2804 super
767 2709 874 2782 rebus
893 2710 1076 2805 predictis,
1096 2710 1154 2783 die
1168 2709 1304 2782 sabbati
1325 2709 1532 2782 duodecimo
1548 2709 1639 2803 junii

229 2834 388 2926 ejusdem
410 2833 556 2929 septime
575 2833 774 2905 indictionis
796 2834 890 2928 apud
906 2837 1071 2907 Sanctum
1087 2835 1297 2908 Germanum
1318 2835 1489 2931 prelatum
1511 2857 1636 2930 procu·

228 2967 381 3031 retorem
409 2958 504 3029 eurio
526 2957 571 3030 ad
594 2958 862 3051 resignationem
883 2959 1116 3054 predictarum
1134 2981 1252 3032 rerum
1274 2959 1516 3056 prenominato
1540 2959 1637 3031 fratri

228 3081 400 3158 landulfo
417 3081 563 3180 syndico
584 3082 643 3154 vel
670 3083 779 3155 aeteri
808 3083 1011 3156 eorumdem
1038 3075 1162 3157 decani
1181 3094 1216 3158 et
1241 3091 1433 3157 conventus
1452 3104 1517 3179 pro
1537 3093 1636 3180 parte

227 3205 384 3302 ipsomm
405 3215 440 3278 et
462 3205 620 3299 ejusdem
645 3207 769 3279 decani
791 3217 828 3280 et
847 3217 1040 3282 conventus
1060 3208 1253 3282 laciendum
1278 3207 1530 3282 sententialiter
1551 3229 1636 3281 con·

228 3329 431 3426 dampnari,
443 3329 626 3424 resignans
635 3329 767 3403 eisdem
780 3351 836 3403 res
852 3332 944 3428 ipses
954 3353 1018 3429 per
1031 3353 1093 3406 eos
1102 3337 1206 3426 juxta
1221 3333 1416 3429 predictum
1434 3331 1637 3405 mandatum

229 3455 319 3528 sicart
334 3457 402 3529 alia
418 3456 510 3528 bona
525 3466 717 3529 conventus
730 3456 886 3549 ejusdem
901 3457 947 3530 ad
964 3479 1053 3554 opus
1068 3458 1152 3531 dieti
1169 3457 1369 3531 monasterii
1384 3457 1633 3554 procurandas.

228 3581 283 3653 ld
296 3581 402 3675 hujus
416 3579 582 3674 igiturrei
596 3583 798 3655 memoriam
809 3593 845 3654 et
857 3593 1061 3678 perpetuam
1077 3581 1293 3676 firmitatem,
1311 3605 1454 3680 presens
1471 3583 1637 3680 scriptum

228 3701 303 3777 lieri
320 3705 387 3777 leci
405 3727 469 3801 per
486 3724 610 3778 manus
632 3706 780 3801 predicti
794 3707 921 3779 notarii
937 3707 1077 3780 Garaidi
1092 3707 1191 3800 signo
1208 3707 1365 3800 ejusdem
1377 3707 1504 3780 notarii
1522 3709 1638 3802 signa·

229 3837 303 3900 tum
316 3837 353 3901 et
364 3849 443 3902 mea
460 3837 496 3902 et
510 3827 658 3925 predicti
669 3830 798 3924 judicis
805 3831 898 3903 Petri
907 3831 1217 3926 subscriptionibus
1227 3834 1441 3905 roboratum.
1457 3831 1559 3918 Quod
1573 3853 1638 3926 ego

227 3953 488 4048 prenominatus
509 3952 679 4026 Gamidus
700 3955 861 4049 publicus
884 3954 1033 4028 ciuitatis
1059 3955 1188 4028 lsemie
1215 3957 1371 4030 noerius
1394 3955 1453 4051 qui
1475 3956 1638 4052 predictis

228 4077 390 4148 omnibus
414 4077 568 4170 interlui,
597 4077 720 4172 scripsi
735 4087 772 4149 et
787 4099 866 4151 meo
888 4079 986 4170 signo
1002 4079 1149 4172 signavi.
1166 4080 1290 4152 Actum
1308 4080 1498 4154 incivitate
1520 4081 1637 4152 Sancti

227 4199 403 4292 Germani,
422 4221 529 4292 anno,
547 4221 666 4274 meuse
683 4211 719 4274 et
734 4201 923 4274 indictione
936 4203 1114 4297 predictis.
1129 4245 1179 4260 -
1191 4203 1267 4298 Ego
1281 4205 1341 4299 qui
1358 4225 1464 4300 supra
1482 4203 1638 4275 notarius

228 4321 401 4396 lebannes
426 4323 472 4398 de
497 4326 639 4400 lsernia.
661 4365 708 4380 -
724 4327 797 4420 Ego
824 4327 884 4420 qui
906 4349 1011 4424 supra
1040 4328 1203 4422 magister
1225 4329 1347 4402 Petrus
1371 4329 1415 4401 de
1442 4329 1506 4401 Ota
1524 4325 1637 4420 judex

229 4449 344 4521 Sancti
363 4449 538 4522 Germani.
