4306 5914
213 639 316 720 lrnrcr.
332 636 379 715 'l.]
666 635 864 698 HISTORIA
888 632 1184 697 clancularius.
1563 629 1623 693 69⁷

214 771 367 864 legitime
381 767 673 844 descendentibus
684 771 719 842 in
732 784 937 868 perpetuum
954 773 1067 845 casale
1081 781 1117 844 et
1130 777 1281 842 castrum
1294 766 1440 840 lllilitelli
1453 765 1489 838 in
1501 767 1626 840 eodem

215 906 335 968 nostro
351 917 459 989 regno
475 895 588 968 Sicilie
598 895 748 991 positum
763 907 798 968 et
816 897 852 968 in
867 899 959 970 valle
972 897 1065 987 Neti,
1085 918 1154 990 que
1170 896 1216 968 ob
1233 894 1414 967 decessum
1428 891 1565 965 illorum
1581 892 1626 965 de

212 1021 382 1093 Leontino
398 1021 530 1116 absque
544 1021 660 1092 liberis
676 1021 721 1092 ad
739 1043 863 1095 manus
881 1033 997 1096 nostre
1013 1021 1108 1094 curie
1124 1019 1276 1114 legitime
1291 1018 1526 1109 devenerunt,
1545 1039 1626 1090 oum

213 1145 375 1217 omnibus
395 1144 529 1239 juribus
549 1156 585 1218 et
604 1146 822 1241 pertinentiis
837 1147 908 1220 suis
927 1146 1114 1238 universis,
1133 1167 1212 1218 cum
1229 1154 1301 1218 toto
1319 1143 1489 1216 territorio
1503 1151 1539 1215 et
1552 1143 1624 1216 dis·

213 1270 337 1360 trictu,
359 1271 541 1342 arboribus
563 1270 789 1367 sylvestribus
812 1282 848 1344 et
870 1271 1086 1363 domesticis,
1110 1269 1237 1367 sylvis,
1260 1269 1387 1365 pratis,
1404 1267 1624 1359 nemoribus,
1693 1327 1695 1332 ,

213 1396 333 1488 aquis,
352 1416 520 1490 aquarum
546 1396 708 1486 saltibus,
730 1396 945 1488 hominibus,
969 1395 1142 1488 vassallis,
1168 1394 1437 1485 habitatoribus,
1461 1392 1623 1486 edificiis,

213 1521 350 1614 capella
361 1520 435 1593 sive
447 1520 607 1613 ecclesia,
623 1520 813 1594 bonoribus
830 1531 866 1594 et
880 1521 1107 1614 dignitatibus
1116 1520 1405 1614 quibuscumque,
1422 1541 1490 1614 que
1502 1520 1625 1594 videli-

213 1656 272 1717 cet
291 1645 337 1718 da
356 1645 517 1718 demanio
533 1657 651 1720 nostro
674 1646 709 1718 in
724 1646 923 1718 demanium
940 1659 976 1718 et
991 1668 1060 1739 que
1080 1645 1124 1719 de
1145 1645 1285 1720 servitio
1307 1645 1343 1717 in
1364 1644 1562 1736 servitium,
1582 1647 1626 1719 de

211 1769 421 1842 liberalitate
434 1791 529 1842 mera
548 1780 583 1842 et
597 1770 707 1863 gratia
721 1771 861 1867 speciali
875 1772 911 1842 in
925 1770 1146 1844 excambium
1161 1770 1252 1843 dicte
1268 1781 1358 1842 terre
1375 1769 1537 1843 Corilioni
1549 1791 1628 1862 gra·

211 1895 303 1966 tiose
319 1895 484 1967 duximus
500 1894 747 1989 concedenda,
765 1905 869 1992 prout
887 1896 1007 1989 vigore
1027 1895 1198 1992 presentis
1222 1894 1444 1969 concedimus
1460 1904 1495 1968 et
1515 1894 1627 1968 dona·

211 2042 312 2112 mus;
336 2021 384 2092 ita
408 2031 524 2094 tamen
545 2021 639 2114 quod
660 2021 773 2094 dictus
794 2022 920 2095 nobilis
943 2033 979 2095 et
999 2022 1146 2095 heredes
1166 2020 1219 2094 sui
1241 2043 1304 2116 pro
1326 2019 1431 2093 casali
1456 2031 1491 2092 et
1513 2029 1627 2093 castro

211 2145 381 2240 predictis
399 2145 502 2218 nobis
520 2155 556 2218 et
573 2147 830 2222 successoribus
851 2148 978 2221 nostris
1000 2147 1038 2219 in
1058 2146 1151 2219 dicto
1171 2167 1280 2239 regno
1303 2145 1338 2216 in
1360 2145 1472 2240 capite
1488 2145 1628 2218 militari

211 2270 357 2343 servitio
374 2271 505 2342 servire
523 2281 719 2363 teneantur,
734 2271 861 2370 ana(c)
878 2271 1039 2346 videlicet
1054 2271 1234 2343 unciarum
1250 2270 1372 2364 viginti
1393 2292 1457 2366 pro
1472 2270 1629 2363 quolillat

212 2416 308 2488 equo
319 2371 467 2486 armato,
475 2395 578 2486 juxta
589 2417 691 2467 usum
703 2405 740 2468 et
750 2395 1035 2468 consuetudinem
1047 2394 1129 2468 dicti
1138 2393 1246 2468 nostri
1261 2393 1372 2488 regni,
1384 2394 1547 2488 quodque
1559 2393 1629 2466 sint

212 2519 330 2591 incole
353 2519 510 2613 ejusdem
535 2521 645 2592 nostri
671 2521 769 2613 regni
792 2531 828 2593 et
848 2521 969 2594 vivant
987 2523 1067 2615 jure
1091 2523 1320 2609 Francorum,
1345 2518 1507 2594 videlicet
1533 2519 1628 2613 quod

212 2646 329 2738 major
344 2655 429 2716 natu
445 2644 636 2718 minoribus
652 2645 815 2717 fratribus
836 2654 871 2717 et
887 2645 1130 2718 consororibus
1150 2644 1221 2716 suis
1242 2653 1278 2716 et
1298 2643 1472 2716 masculus
1492 2643 1628 2715 leminis

213 2769 428 2864 preferatur3
447 2768 590 2841 retentis
614 2780 729 2842 tamen
748 2781 783 2842 et
797 2791 961 2865 expressa
978 2769 1162 2842 reservatis
1184 2769 1298 2842 eidem
1316 2768 1411 2840 curie
1427 2778 1545 2841 nostre
1558 2791 1627 2862 que

212 2917 233 2968 a
249 2903 415 2990 presente
429 2894 616 2968 donatione
632 2904 668 2968 et
683 2897 905 2969 concessione
920 2896 1063 2969 omnino
1077 2894 1309 2986 excludimus,
1319 2895 1457 2988 juribus
1471 2895 1628 2989 lignami-

213 3043 300 3092 num
316 3041 453 3093 necnon
477 3019 651 3112 mineriis,
670 3021 806 3113 salinis,
825 3021 974 3110 solatiis,
992 3020 1128 3094 forestis
1144 3030 1179 3093 et
1193 3020 1344 3092 delensis
1361 3019 1529 3114 antiquis,
1548 3029 1626 3092 tan·

213 3167 321 3239 quarn
341 3146 388 3219 ad
408 3146 537 3239 regiam
554 3144 760 3238 dignitatern
775 3146 1041 3241 pertinentibus,
1065 3168 1134 3240 que
1150 3155 1268 3218 nostre
1284 3145 1379 3218 curie
1393 3166 1624 3219 reservamus.

213 3268 388 3341 Animalia
402 3269 544 3365 insuper
560 3277 594 3342 et
610 3269 804 3363 equitatura
820 3270 1021 3362 oratiarum,
1041 3269 1319 3348 marescallamm
1336 3278 1371 3342 et
1385 3269 1626 3342 massariarum

215 3404 414 3467 nostrarum
437 3393 546 3467 libera
572 3416 709 3467 sumere
738 3395 878 3467 valeant
908 3415 1037 3490 pascua
1061 3395 1098 3465 in
1124 3393 1320 3467 tenimentis
1350 3404 1385 3466 et
1411 3393 1626 3490 pertinentiis

215 3521 340 3592 casalis
354 3529 390 3590 et
400 3519 503 3592 castri
516 3519 762 3615 predictorum.
780 3518 835 3591 Ad
848 3518 951 3612 hujus
964 3529 1081 3591 autem
1095 3528 1212 3592 nostre
1226 3517 1458 3593 concessionis
1473 3530 1508 3592 et
1521 3520 1628 3593 dona·

216 3644 320 3717 tionis
338 3643 570 3716 testimonium
587 3654 623 3716 et
638 3645 745 3716 robur
760 3654 928 3740 perpetuo
945 3642 1146 3736 valiturum,
1166 3667 1307 3740 presens
1320 3643 1539 3740 privilegium
1552 3643 1627 3718 lieri

216 3769 363 3842 lecimus
376 3779 563 3862 nostroque
578 3768 691 3862 sigillo
704 3761 873 3842 roborari.

271 3897 399 3968 Datum
436 3895 625 3986 Cremona,
662 3895 741 3967 XX⁰
778 3895 908 3968 mensis
946 3894 1135 3986 februarii,
1172 3894 1232 3967 Vll
1275 3893 1492 3986 indictionis,
1535 3913 1628 3969 anno

217 4018 265 4093 bl.
279 4021 341 4094 OC.
353 4016 604 4118 xxquvltl,
620 4020 755 4117 imperii
776 4022 884 4094 nostri
900 4043 993 4095 anno
1011 4023 1133 4114 XXX·,
1150 4021 1248 4114 regni
1261 4022 1483 4118 Hyarnsalem
1499 4021 1626 4110 XXlll,

217 4145 333 4218 Sicilie
351 4167 436 4220 vero
451 4143 587 4240 LXlX(
605 4142 635 4242 ).

273 4366 294 4407 a
551 4393 560 4412 .

261 4346 304 4535 {b}
324 4347 579 4519 llidedddffieilnita
598 4456 762 4537 corrlgendl
784 4461 854 4520 sunt
875 4473 883 4520 :
908 4456 1024 4538 imperit·
1035 4457 1219 4520 matrinam
1231 4453 1290 4519 XX
1293 4453 1374 4532 vm,
1390 4455 1476 4538 nursi
1488 4451 1627 4520 Hierusa-

222 4558 278 4622 lem
294 4560 409 4641 XXIII,
423 4561 523 4625 Sicilia
534 4581 602 4625 cero
616 4563 650 4625 L.
