4306 5914
491 561 498 572 ’
535 610 600 676 eto
1032 615 1248 686 rnrnnurcr
1268 617 1445 684 suerunt
1755 620 1942 700 [nuum

618 797 724 880 (sert.
747 797 934 883 smum,
949 799 1025 866 uta.
1042 801 1116 868 zar.
1131 803 1300 884 naemu
1315 805 1494 887 netem.
1509 805 1564 882 tv,
1581 823 1616 886 p.
1639 814 1710 888 21⁴,
1725 807 1852 874 essu.
1870 809 1942 872 nun.

657 907 791 990 bunut

586 1097 807 1174 Innocentius
822 1098 1023 1198 episeopus,
1041 1121 1167 1175 servus
1190 1123 1370 1176 servorum
1391 1101 1473 1196 Dei,
1498 1101 1625 1176 ddecto
1649 1100 1721 1174 filio
1741 1101 1849 1174 nobili
1869 1103 1945 1176 viro

537 1223 574 1298 C.
591 1224 708 1296 comiti
733 1224 778 1299 de
804 1225 950 1318 Friburg
973 1227 1119 1298 salutem
1143 1238 1180 1299 et
1203 1227 1428 1326 apostolicam
1452 1227 1743 1300 benedictionem.
1765 1226 1860 1300 Fidei
1886 1237 1944 1300 tue

536 1350 716 1424 sinceritas
731 1350 840 1444 exigit
852 1360 892 1423 ut
905 1351 975 1423 tuis
989 1350 1212 1446 petitionibus
1227 1364 1398 1450 quantum
1408 1373 1488 1426 cum
1501 1354 1574 1425 Deo
1590 1351 1760 1448 possimus
1776 1351 1945 1426 lavorabi-

535 1473 616 1548 liter
631 1495 839 1548 annuamus.
858 1475 946 1548 ilinc
959 1475 1012 1548 est
1027 1476 1122 1572 quod
1142 1499 1207 1550 nos
1225 1477 1419 1551 devotionis
1436 1488 1495 1552 tue
1512 1477 1672 1574 precibus
1683 1477 1851 1568 inclinati,
1864 1498 1946 1573 pro·

533 1573 717 1676 missiones
733 1621 797 1697 per
817 1601 910 1672 clare
934 1600 1099 1672 memorie
1116 1601 1159 1674 il.
1179 1603 1413 1676 Romanorum
1437 1625 1556 1696 regem
1578 1602 1724 1698 provide
1741 1601 1803 1674 tibi
1819 1603 1941 1695 lactes,

533 1723 624 1798 siout
638 1724 673 1796 in
686 1725 843 1818 ejusdem
857 1723 980 1797 litteris
994 1726 1235 1822 perspeximus
1246 1727 1428 1822 contineri,
1441 1739 1476 1801 et
1486 1727 1681 1826 specialiter
1691 1749 1796 1824 super
1808 1728 1944 1800 restitn-

535 1850 628 1924 tione
644 1860 835 1924 castrorum
852 1860 889 1923 et
904 1850 1113 1946 oppidorum
1130 1874 1279 1948 quorum
1295 1854 1437 1926 nomine
1448 1854 1690 1948 Ni'rwenburg,
1704 1853 1894 1948 Oileuburg
1908 1865 1943 1927 et

533 1975 727 2068 ortenberg
741 1975 815 2048 lore
832 1973 1010 2072 proponis,
1015 1976 1096 2070 jure
1109 1977 1336 2051 successionis
1348 1977 1558 2052 hereditarie
1571 1978 1619 2051 nd
1633 1988 1666 2050 te
1680 1979 1938 2076 pertinentium,

532 2121 612 2178 cum
625 2122 668 2176 ea
683 2099 728 2174 de
743 2108 915 2199 potestate
929 2099 1146 2174 inimicorum
1161 2101 1316 2176 Ecclesie
1332 2102 1549 2198 contingeret
1566 2103 1719 2195 liberari,
1737 2103 1941 2177 auctoritate

531 2225 721 2324 apostolice
742 2201 1052 2322 confirmamusd)
1070 2237 1106 2298 et
1126 2226 1296 2322 presentis
1319 2225 1438 2322 scripti
1462 2227 1653 2322 patrocinio
1673 2227 1938 2301 communimus.

531 2349 626 2422 Nulli
648 2371 732 2444 ergo
753 2349 894 2424 omnino
914 2347 1095 2422 hominum
1115 2350 1218 2424 liceat
1237 2350 1328 2424 hanc
1347 2352 1510 2448 peginam
1532 2363 1650 2426 nostre
1672 2351 1941 2427 confirmationis

530 2470 718 2566 infringere
732 2472 790 2546 vel
806 2471 839 2546 ci
853 2495 941 2546 cusu
959 2472 1142 2547 temerario
1159 2475 1344 2548 contraire.
1364 2475 1402 2548 Si
1421 2475 1500 2572 quis
1518 2486 1636 2549 autem
1651 2475 1718 2550 hoc
1734 2487 1940 2574 attemptare

529 2597 792 2696 presumpserit,
810 2597 1085 2693 indignationem
1097 2599 1344 2700 omnipotentis
1360 2601 1421 2675 [tei
1437 2611 1473 2675 ct
1489 2603 1670 2675 beatorum
1684 2602 1776 2678 Petri
1792 2613 1827 2676 et
1844 2603 1939 2678 Pauli

527 2724 764 2821 apostolorum
778 2724 854 2818 ejus
872 2746 909 2802 se
925 2726 1061 2802 noverit
1077 2727 1310 2802 incursurum.

575 2848 703 2924 Detnrn
718 2849 891 2944 uigilum,
907 2849 938 2926 V
952 2849 1119 2929 kalendas
1134 2851 1286 2948 augme,
1303 2847 1525 2950 pontificatus
1539 2851 1649 2929 nostri
1664 2873 1756 2926 enno
1772 2862 1886 2928 sexte.

365 3515 454 3572 tutet
580 3497 667 3606 lpso
691 3524 792 3584 enno
818 3500 1000 3586 dominus
1026 3501 1239 3586 Friderious
1263 3501 1367 3588 venit
1394 3501 1435 3584 in
1462 3501 1554 3586 Aste
1576 3511 1616 3586 et
1641 3499 1796 3586 nuntios
1817 3525 1937 3584 mun-

527 3630 632 3716 darit
662 3633 717 3716 sd
747 3633 935 3718 illustrem
967 3661 1097 3747 regem
1129 3635 1334 3744 aneine,
1365 3661 1557 3752 exponens
1584 3661 1628 3719 se
1658 3646 1697 3718 et
1726 3645 1868 3718 terrem
1899 3643 1937 3716 et

526 3761 701 3848 homines
723 3791 812 3849 suos
835 3767 885 3849 ad
903 3767 1123 3878 pessegium
1147 3793 1261 3852 suum
1284 3778 1416 3852 contra
1445 3793 1638 3878 pegenos,
1665 3768 1764 3850 sicut
1783 3765 1936 3876 publice

525 3895 742 4006 dicebatur,
766 3909 803 3983 et
829 3910 873 3983 ut
897 3899 978 4010 ipse
1002 3901 1182 3987 dominus
1207 3927 1273 3984 rex
1301 3927 1391 3983 oum
1415 3901 1572 3984 domino
1597 3926 1697 4011 pepe
1721 3899 1775 3982 sie
1795 3898 1935 3982 faceret

525 4031 631 4139 quod
657 4029 886 4116 relevaretur
913 4059 937 4116 e
961 4035 1149 4117 sententie
1177 4033 1577 4118 excommunicationis
1604 4043 1642 4116 et
1667 4032 1933 4142 depositionis3

527 4223 537 4244 .
556 4224 595 4247 ..
617 4164 685 4248 sed
703 4163 799 4247 nibil
817 4165 941 4250 locere
958 4167 1096 4276 potuit.
1116 4167 1248 4252 dcccl.
1270 4173 1465 4276 Genucius,
1486 4192 1548 4276 ep.
1565 4166 1771 4276 illustrem,
1792 4165 1933 4276 Scrip-

524 4309 617 4412 φη,
636 4307 667 4383 t.
688 4295 758 4408 Vl,
777 4325 818 4410 p.
838 4298 933 4384 bili.

556 4643 592 4722 (t)
609 4645 797 4705 confirmatum
811 4659 920 4723 quoque
928 4645 1165 4714 loite'willelmo,
1175 4649 1358 4709 ltontenorum
1372 4663 1444 4726 rege,
1459 4645 1531 4725 opud
1545 4649 1727 4723 Argentiolum,
1736 4648 1773 4710 Ν
1782 4647 1844 4708 ldus
1857 4648 1931 4722 mcii,

414 4809 415 4814 ἵ
519 4743 665 4804 indictione
678 4743 717 4803 lx
729 4745 833 4821 (tritt).
851 4743 892 4804 cl.
906 4743 990 4822 tote,
1003 4764 1032 4822 p.
1047 4749 1112 4822 220,
1126 4745 1289 4808 mffllll.
