4352 5940
238 617 339 681 lmrcr.
354 615 402 696 6.]
682 613 881 678 HISTORIA
904 612 1200 676 DIPLOMATICA.
1306 601 1312 609 ⁴

290 1159 506 1242 Fridericus
533 1158 582 1240 de
610 1157 825 1262 Antiochia,
843 1156 992 1266 imperii
1021 1156 1061 1237 in
1087 1156 1224 1239 Tuscia
1251 1155 1414 1240 vicarius
1442 1155 1646 1266 generalis,
1724 1165 1775 1196 ⁰¹²²

235 1293 368 1402 uigore
396 1290 650 1374 concessionis
674 1299 711 1373 et
733 1290 903 1372 mandati
928 1288 1167 1398 imperatoris
1188 1288 1308 1396 patris
1335 1289 1414 1396 sui,
1441 1288 1648 1372 Goniatum

235 1425 360 1510 filium
379 1423 513 1536 deapti
530 1426 578 1507 dc
597 1423 762 1507 Cortona
779 1421 976 1532 publicum
996 1421 1236 1504 tabellionem
1259 1421 1299 1503 iu
1322 1421 1482 1531 imperio
1500 1425 1644 1508 statuit.

319 1639 411 1720 (nort.
422 1643 454 1700 tn
467 1635 590 1718 Epistol
602 1637 932 1714 mammaeae
943 1633 1115 1700 Arctum.
1126 1633 1407 1716 italian,append.,
1424 1647 1457 1698 n·
1469 1647 1518 1715 1²,
1530 1657 1560 1717 p.
1577 1649 1646 1713 too,

358 1763 398 1806 ex
410 1747 511 1824 regist.
527 1751 620 1806 veter.
635 1753 770 1805 coaeter.
784 1749 882 1804 noter.
898 1743 1057 1804 Crescendi
1068 1745 1100 1803 tn
1114 1721 1196 1804 ench.
1207 1759 1317 1804 comm
1330 1742 1493 1817 Gorton.,t.
1507 1751 1545 1806 eo
1555 1752 1646 1807 recto.

358 1885 400 1897 -
414 1851 486 1913 Cott
502 1868 571 1914 eum
588 1851 655 1913 eod.
670 1853 702 1914 S.
722 1853 852 1913 Emmer.
869 1853 902 1911 tn
915 1851 990 1912 nint.
1007 1867 1068 1930 reg.
1085 1851 1218 1928 Monac,
1232 1851 1268 1912 Ε.
1284 1849 1380 1928 LXII,
1390 1849 1444 1913 uo.
1459 1849 1514 1928 1v,
1531 1859 1581 1931 ⁷2,
1596 1850 1647 1914 ubt

358 1975 430 2020 vero
443 1959 551 2020 desunt
565 1957 730 2020 mmlltools
743 1974 853 2018 nomen
865 1964 896 2018 et
909 1964 996 2018 notae
1009 1954 1256 2036 chronologteee.)

269 2145 467 2219 Fridericus
480 2145 525 2218 de
538 2143 734 2237 Antiochia,
747 2144 879 2218 domini
889 2143 1107 2239 imperatoris
1121 2143 1320 2235 fitius,sacri
1334 2145 1469 2240 imperii
1482 2145 1648 2219 inTuscia

235 2280 272 2346 et
285 2271 332 2342 ab
347 2269 482 2342 Amelin
498 2291 610 2364 usque
628 2269 813 2342 cornetum
828 2280 864 2341 et
876 2290 938 2365 per
957 2277 1064 2340 totam
1077 2267 1284 2340 maritimam
1297 2268 1446 2342 vicarius
1460 2271 1645 2363 generalis.

232 2394 302 2466 Per
316 2415 461 2490 presens
474 2394 641 2489 scriptum
658 2403 779 2466 notum
795 2391 869 2464 fieri
883 2394 1044 2465 volumus
1060 2393 1231 2465 universis
1250 2393 1385 2489 imperii
1400 2392 1561 2467 fidelibus
1576 2406 1648 2468 tam

234 2518 457 2614 presentibus
475 2539 580 2612 quem
596 2515 721 2588 suturis
736 2516 866 2610 quoda
882 2515 1024 2589 domino
1044 2514 1262 2588 serenissimo
1280 2524 1378 2612 patre
1395 2528 1515 2590 nostro
1533 2539 1649 2592 meras

231 2641 431 2742 recepimus
451 2641 583 2713 litteras
604 2641 641 2711 in
663 2640 730 2713 hac
747 2641 858 2713 forma
878 2640 1097 2713 :Fridericus
1109 2639 1173 2710 Dei
1187 2640 1313 2732 gratia,
1329 2650 1413 2730 eto,
1430 2641 1558 2714 dilecto
1576 2640 1649 2715 filio

233 2788 301 2840 suo
310 2766 486 2840 Friderico
498 2766 543 2838 de
553 2765 751 2856 Antiochia,
763 2773 830 2838 etc.
841 2763 1012 2837 Fidelium
1022 2774 1221 2837 nostrorum
1230 2764 1478 2858 jurisdictionis
1491 2776 1563 2857 tue,
1576 2778 1644 2840 etc.

234 2889 339 2988 (Vide
352 2911 457 2986 supra
472 2890 734 2980 documentum,
753 2913 789 2985 p.
806 2885 906 2983 432.)
924 2888 1023 2960 Unde
1038 2910 1102 2961 nos
1115 2887 1331 2962 confidentes
1347 2888 1392 2960 de
1408 2887 1477 2962 tide
1492 2899 1527 2962 et
1543 2890 1649 2964 devo·

232 3014 331 3087 tione
346 3014 484 3086 Gonlati
500 3013 561 3085 filii
576 3011 700 3110 deapti
713 3012 757 3085 de
770 3013 933 3103 Cortona,
949 3011 1061 3085 fidelis
1076 3011 1225 3107 imperii,
1241 3023 1383 3108 recepto
1402 3013 1497 3108 prius
1511 3015 1557 3086 ab
1571 3015 1647 3111 ipso

232 3136 411 3211 fidelitatis
429 3149 464 3211 et
480 3137 969 3232 officiijuramento,predicta
980 3137 1150 3233 imperiali
1166 3137 1370 3210 auctoritate
1385 3159 1455 3231 qua
1470 3139 1648 3231 fungimur

232 3261 349 3358 ipsum
361 3261 541 3356 publicum
553 3261 775 3334 tabellionem
787 3261 823 3330 iu
835 3260 981 3354 imperio
995 3260 1161 3333 duximus
1172 3261 1457 3352 statuendum,ut
1470 3261 1516 3333 de
1530 3271 1648 3358 cetero

232 3385 431 3480 predictum
459 3384 611 3457 officium
638 3383 684 3457 ad
702 3375 881 3458 honorem
903 3393 939 3455 et
962 3383 1164 3456 fidelitatem
1192 3384 1410 3479 imperatoris
1439 3386 1647 3459 serenissimi

233 3511 344 3607 patris
357 3510 467 3582 nostri
484 3519 519 3582 et
534 3531 675 3582 suorum
691 3508 857 3581 heredum
871 3506 1021 3581 fideliter
1040 3505 1223 3604 debcatta)
1237 3509 1366 3604 ubique
1383 3531 1446 3605 per
1463 3509 1647 3606 imperium

235 3655 421 3724 exercere,
436 3633 643 3707 mandantes
659 3633 829 3729 imperiali
846 3633 1052 3705 auctoritate
1068 3655 1138 3726 qua
1154 3633 1331 3727 fungimur
1344 3644 1517 3726 quatenus
1529 3636 1648 3708 nullus

235 3759 280 3831 sit
292 3758 354 3852 qui
368 3755 530 3831 eumdem
545 3759 730 3830 Gontetum
744 3777 849 3852 super
864 3757 941 3853 ipso
953 3756 1067 3830 officio
1081 3757 1248 3853 impediat
1261 3757 1306 3830 de
1322 3768 1437 3831 cetero
1450 3759 1508 3830 vel
1523 3760 1648 3832 moles·

235 3892 302 3974 tet3
325 3883 422 3976 quod
442 3882 502 3976 qui
522 3882 636 3954 facere
654 3881 915 3977 presumpserit,
932 3881 1207 3974 indignationem
1226 3879 1416 3974 imperialis
1429 3881 1590 3953 culminis
1608 3903 1646 3954 se

233 4007 371 4079 noverit
386 4006 618 4078 incursurum.
637 4003 692 4077 nd
712 4004 817 4097 hujus
836 4015 954 4077 autem
975 4005 1025 4075 rei
1046 4005 1248 4076 memoriam
1271 4014 1306 4075 et
1324 4004 1483 4076 stabilem
1500 4003 1646 4078 'tirmite-

235 4139 320 4220 tem,
335 4150 479 4224 presens
505 4129 669 4225 scriptum
698 4128 828 4201 exinde
850 4127 925 4201 fieri
948 4137 984 4200 et
1006 4128 1119 4221 sigillo
1143 4138 1262 4201 nostro
1289 4128 1457 4225 pendenti
1480 4129 1646 4220 jussimus

235 4253 455 4327 communiri.

290 4378 418 4449 Datum
447 4375 638 4466 Florentio,
671 4396 765 4447 anno
798 4375 970 4448 dominice
1002 4376 1246 4449 incarnationis
1277 4377 1324 4451 Μ.
1338 4376 1399 4450 CC.
1413 4375 1555 4451 XXXX.
1570 4378 1643 4472 vu,

236 4501 316 4574 XXI
332 4500 512 4592 februarii,
527 4509 625 4572 sexte
639 4499 848 4573 indictionis.

278 4725 321 4807 (a)
342 4729 379 4790 In
393 4729 462 4790 cod.
478 4727 611 4807 Moneo,
626 4724 711 4789 tem
722 4727 760 4788 et.
