4310 5908
500 599 561 661 ιιι
997 565 1209 658 ιιιιιιιιιί
1234 595 1408 660 sscuuur
1715 594 1798 675 [an.
1815 595 1906 658 issa.

499 729 754 840 principatum
786 727 937 810 Tarenti
972 753 1061 810 cum
1096 739 1176 812 tota
1211 739 1311 812 terra
1341 726 1523 834 Ydronti,
1542 753 1657 837 quem
1687 728 1907 812 Constantia

500 861 697 972 quondam
721 859 941 968 imperatrix
959 858 1146 944 avunculo
1172 858 1255 972 ejus
1279 859 1432 946 Oddoni
1454 869 1690 944 concesserat
1714 871 1753 944 et
1777 873 1907 971 postea

499 993 713 1079 Friderieus
734 991 955 1102 abstulerat,
975 994 1025 1076 de
1041 993 1165 1104 gratia
1185 993 1339 1104 speciali
1356 992 1534 1078 restituit.
1625 1035 1631 1042 ·

580 1207 684 1286 (Edld.
703 1208 836 1282 Horum,
857 1205 962 1266 Κιίιιι·
980 1203 1095 1268 Fttedr.
1114 1206 1156 1286 11,
1175 1207 1317 1285 append„
1340 1205 1375 1268 n·
1394 1214 1446 1280 ιι,
1465 1221 1483 1267 a
1502 1205 1569 1268 cod.
1588 1201 1667 1269 aut.
1689 1207 1795 1280 Paris..
1817 1215 1906 1284 tots,

619 1322 653 1374 n·
668 1310 753 1390 66².)

548 1497 786 1590 Innocentius,
814 1507 898 1589 etc,
927 1497 1035 1571 nobili
1060 1499 1135 1573 viro
1160 1499 1308 1572 Henrico
1329 1499 1521 1594 Frajapane
1546 1497 1635 1570 sacri
1651 1497 1769 1594 palatii
1798 1499 1908 1572 nostri

500 1622 739 1697 Lateranensis
754 1621 891 1713 comiti,
910 1631 978 1694 etc.
1000 1623 1099 1695 Clara
1115 1622 1339 1716 devotioque
1356 1623 1448 1694 inter
1463 1621 1598 1695 nobiles
1612 1621 1699 1694 alios
1716 1619 1827 1720 [erga]
1845 1641 1909 1720 nos

502 1759 537 1821 et
548 1746 781 1841 Apostolicam
795 1745 921 1818 Sedena
936 1745 1130 1840 specialiter
1145 1747 1277 1839 fulgere
1294 1746 1495 1837 dinosceris,
1512 1746 1684 1817 instanter
1698 1744 1855 1840 exposcit
1869 1755 1909 1818 ut

503 1880 537 1942 te
554 1879 590 1942 et
609 1869 782 1942 continuis
803 1889 1055 1963 prosequamur
1072 1869 1249 1942 favoribus
1265 1879 1301 1940 et
1316 1867 1581 1941 honorificentia
1599 1868 1781 1962 multiplici
1805 1867 1909 1940 attol-

502 1995 632 2086 lamus,
653 1993 938 2088 predecessorum
958 2003 1154 2064 nostrorum
1183 1993 1357 2064 imitantes
1378 1993 1558 2087 exempla,
1586 1991 1647 2086 qui
1672 1992 1910 2088 progenitores

505 2130 582 2191 tuos
600 2138 664 2212 pro
680 2116 798 2187 multis
814 2125 849 2187 et
862 2115 996 2207 magnis
1014 2116 1275 2210 obsequiisque
1294 2117 1449 2188 Romane
1471 2115 1717 2210 impenderunt
1733 2113 1907 2204 Ecclesia,

504 2239 768 2336 quampluribus
778 2238 1039 2310 honoraverunt
1051 2239 1169 2332 gratiis
1183 2249 1219 2312 et
1232 2239 1416 2333 mundium
1429 2260 1614 2310 munerum
1622 2237 1806 2332 largitione
1821 2237 1907 2310 dita·

503 2373 597 2436 runt.
625 2363 710 2435 Cum
736 2362 841 2454 igitur
857 2361 938 2454 tibi,
959 2362 1048 2434 sicut
1071 2373 1106 2434 te
1136 2363 1319 2435 didicimus
1347 2363 1537 2452 referente,
1559 2364 1652 2434 clare
1680 2361 1845 2434 memorie
1869 2361 1907 2434 C.

501 2489 735 2562 Romanomm
752 2485 957 2580 imperatrix
970 2495 1006 2557 et
1018 2486 1137 2578 regina
1152 2486 1266 2558 Sicilie
1277 2508 1347 2558 una
1360 2507 1439 2558 cum
1453 2487 1491 2558 F.
1510 2485 1686 2579 quondam
1703 2485 1910 2582 imperatore

502 2613 544 2686 Ο.
564 2610 745 2706 FraJ‘apani
760 2610 932 2682 avunculo
947 2618 1008 2681 tuo
1025 2611 1125 2702 cnjus
1148 2619 1182 2681 te
1205 2631 1439 2682 successorem
1456 2609 1594 2701 asseris,
1613 2609 1753 2704 suisque
1771 2629 1909 2681 succes·

502 2735 638 2809 soribus
650 2733 881 2829 principatum
895 2731 1033 2805 Tarenti
1048 2754 1127 2804 cum
1140 2742 1212 2804 tota
1227 2742 1317 2806 terra
1333 2733 1464 2806 ldmnti
1477 2732 1618 2805 duxerit
1630 2731 1909 2823 concedendum,

503 2869 607 2956 prout
622 2859 658 2929 in
675 2857 856 2953 privilegio
871 2857 954 2929 inde
972 2857 1129 2929 confecto
1144 2857 1281 2952 plenius
1301 2857 1427 2930 dicitur
1443 2857 1612 2930 contineri
1625 2854 1692 2953 (l),
1712 2865 1748 2928 et
1762 2855 1856 2928 idem
1871 2855 1908 2927 F.

503 2980 668 3076 predictis
691 2980 888 3075 principatu
908 2988 944 3051 et
969 2988 1061 3053 terra
1082 2991 1116 3053 te
1132 2990 1172 3052 ut
1187 2980 1315 3054 dicitur
1330 2980 1504 3076 spoliarit,
1524 3001 1589 3052 nos
1605 2977 1913 3074 supplicationibus

506 3105 573 3177 tuis
589 3104 758 3193 inclinati,
772 3103 848 3194 tibi,
865 3124 908 3175 eo
919 3104 1100 3199 presertim
1116 3103 1211 3198 quod
1226 3123 1371 3196 regnum
1386 3104 1558 3198 prelatum
1574 3123 1656 3195 rege
1672 3123 1766 3174 nunc
1780 3110 1911 3191 careat,

506 3250 578 3302 non
593 3229 753 3301 obstante
769 3227 799 3300 si
811 3227 944 3320 aliquid
958 3226 1067 3299 exeis
1084 3227 1177 3300 idem
1191 3227 1230 3299 F.
1246 3227 1322 3299 aliis
1341 3227 1429 3300 torte
1443 3225 1631 3316 concessit,
1649 3225 1694 3297 de
1712 3224 1823 3317 gratia
1839 3245 1912 3298 res·

509 3352 663 3426 tituimus
677 3351 832 3448 speciali,
850 3350 1040 3424 dummodo
1065 3350 1278 3447 principatus
1299 3359 1336 3424 et
1355 3359 1447 3422 terra
1465 3349 1622 3444 predicta
1645 3371 1717 3423 non
1742 3348 1915 3444 pertineat

507 3477 673 3550 adolium
689 3477 806 3549 velud
823 3476 909 3549 alios
926 3477 960 3548 in
978 3475 1164 3548 devotione
1179 3476 1333 3548 Ecclesia
1355 3476 1591 3571 persistentes.
1609 3474 1702 3548 Nulli
1722 3495 1823 3569 ergo,
1841 3483 1910 3548 etc.

557 3601 684 3672 Datum
696 3599 876 3694 Lugduni,
891 3599 936 3672 IV
950 3599 1117 3672 kalendas
1129 3599 1238 3692 junii,
1259 3621 1352 3673 anno
1366 3600 1423 3672 Vl.

467 4091 475 4115 ‚
562 3994 758 4104 Philippus
775 3995 823 4078 de
848 3993 1078 4104 Hohinvels,
1097 3996 1304 4106 imperialis
1322 3998 1433 4081 aulae
1452 3995 1708 4102 camerarius,
1729 3997 1914 4081 universis

437 4140 443 4153 “
509 4127 723 4211 teloneariis
741 4127 814 4210 snb
837 4153 907 4211 sua
924 4130 1188 4237 procuratione
1210 4131 1459 4215 existentibus
1480 4130 1639 4213 mandat
1664 4129 1769 4240 quod
1799 4153 1914 4213 naves

508 4260 648 4344 domus
675 4259 966 4344 Teutonicorum
993 4263 1032 4344 in
1060 4263 1311 4347 Confluentis.
1326 4289 1393 4372 per
1423 4263 1572 4348 Renum
1606 4262 1724 4348 libere
1753 4261 1915 4345 bansire

509 4391 741 4500 permittant.

546 4609 583 4681 (t)
602 4607 737 4665 Fraudem
750 4625 831 4682 snper
843 4609 965 4667 fraudem
977 4611 1156 4685 suspicamur,
1171 4625 1233 4668 cum
1245 4611 1416 4686 privilegium
1429 4611 1502 4670 istud
1514 4627 1651 4685 nunquam
1665 4609 1816 4670 conlectum
1834 4607 1917 4666 luerit

509 4711 557 4764 aut
570 4699 666 4764 saltam
679 4704 760 4778 hujus
770 4706 912 4780 vestigium
925 4723 977 4764 aon
991 4708 1112 4782 reperire
1123 4708 1298 4782 potuerimus.
