4352 5940
521 537 583 602 eoo
1021 541 1237 603 perurerer
1261 526 1434 603 snduuur
1740 541 1823 624 [tu.
1840 539 1927 602 iser.

515 675 581 750 siis
595 685 632 748 et
645 674 805 770 prelatis,
827 675 920 750 etde
934 677 1118 768 maneriis,
1136 677 1288 772 qualiter
1304 686 1387 748 sunt
1401 675 1586 765 solvende,
1607 685 1643 748 et
1664 695 1770 772 super
1787 675 1931 750 aedoni-

521 801 602 890 bus,
619 800 664 872 de
680 799 898 893 inquirendis
915 808 950 872 et
966 801 1175 874 serenandis
1192 801 1375 874 stabilibus
1389 809 1427 872 et
1441 799 1627 873 mobilibus
1643 799 1879 894 prodiissent,
1894 801 1932 873 in

521 924 618 998 eurie
631 935 749 1000 nostre
763 924 994 1018 prejudicium
1013 925 1210 1020 ooeupetis,
1226 924 1271 996 de
1285 925 1398 996 formu
1409 934 1446 995 et
1459 923 1690 996 locationibus
1700 922 1885 1015 mondum,
1895 935 1932 998 et

522 1047 624 1120 annis
640 1047 744 1120 etiam
760 1047 953 1140 attributis,
970 1058 1008 1120 et
1026 1049 1071 1122 de
1090 1048 1302 1142 quibuslibet
1317 1047 1477 1140 aliisque
1497 1069 1521 1118 a
1538 1056 1658 1120 neura
1674 1047 1771 1120 euna
1792 1069 1931 1122 emeno

523 1181 668 1262 verunt,
685 1172 722 1242 in
742 1170 816 1244 lisoi
834 1173 944 1244 nostri
966 1175 1023 1245 vel
1039 1171 1195 1246 fidelium
1216 1181 1416 1244 nostrorum
1430 1172 1587 1243 iuvorem
1605 1171 1931 1265 geuemliterdura·

525 1304 624 1368 turet
639 1305 792 1390 exeepto
807 1295 911 1368 etium
925 1295 970 1368 de
986 1296 1075 1386 aliis,
1085 1297 1175 1368 siout
1187 1296 1234 1368 ad
1250 1295 1443 1388 quemlibet
1456 1315 1628 1368 novorum
1643 1293 1843 1366 officialium
1855 1295 1934 1368 diri-

525 1419 639 1512 gendo
655 1419 828 1508 videritis,
845 1420 973 1491 auditis
988 1429 1024 1491 ot
1042 1419 1202 1492 admissis
1214 1419 1317 1511 justis
1338 1428 1373 1490 et
1390 1417 1578 1490 umentis
1597 1419 1782 1514 expensis,
1802 1419 1832 1490 si
1848 1436 1934 1512 quus

525 1543 563 1614 in
578 1563 699 1616 eorum
715 1543 980 1615 executionibus
995 1543 1122 1615 debitis
1138 1543 1294 1616 officialis
1307 1542 1354 1614 ed
1369 1563 1475 1634 quem
1496 1541 1628 1614 direete
1642 1554 1743 1631 sunt,
1760 1557 1799 1614 se
1813 1541 1934 1619 ieeime

527 1666 749 1757 monstrabit,
768 1667 813 1739 ad
834 1667 998 1739 offieiules
1015 1677 1153 1740 nostros
1170 1668 1255 1738 eitru
1281 1675 1415 1761 portum
1434 1666 1571 1756 Roseti,
1586 1675 1627 1738 ut
1643 1687 1766 1740 eorum
1781 1676 1934 1762 tempere

527 1811 571 1862 ea
585 1790 743 1864 similiter
757 1801 989 1885 exequantur,
1005 1791 1141 1863 mittere
1156 1812 1225 1863 non
1241 1791 1397 1863 tardetis.
1413 1789 1547 1874 Quibus
1565 1807 1648 1862 eeoe
1667 1811 1729 1886 por
1742 1790 1860 1862 literas
1873 1809 1935 1886 pu·

529 1922 641 1986 tantm
663 1914 877 2007 injungimus
901 1913 997 2008 quod
1017 1937 1040 1987 a
1060 1915 1160 1988 vobis
1182 1937 1225 1986 ea
1246 1915 1433 2008 recipiant,
1456 1923 1492 1985 et
1513 1915 1589 2008 ipse
1614 1923 1782 2007 tauquam
1808 1915 1855 1986 ud
1877 1934 1936 1988 eos

528 2037 660 2109 directe
684 2039 802 2109 clausa
830 2038 1002 2110 retineant
1030 2048 1066 2110 et
1087 2037 1236 2112 fideliter
1260 2049 1490 2131 exequentur.
1518 2039 1599 2110 Post
1622 2038 1832 2130 exquisitam
1852 2057 1936 2112 vero

530 2163 632 2256 plene
655 2162 824 2234 rationem
845 2181 951 2256 super
973 2163 1238 2236 executionibus
1262 2163 1524 2250 mendatorum,
1544 2183 1650 2256 super
1670 2163 1819 2234 residuis
1838 2164 1936 2236 inre·

529 2285 681 2376 blandis,
698 2287 795 2378 quod
810 2295 863 2357 est
879 2286 973 2357 curie
988 2296 1106 2358 nostre
1122 2287 1288 2382 perutile,
1308 2295 1446 2360 servata
1465 2286 1577 2358 torma
1590 2285 1692 2358 vobis
1713 2307 1809 2358 anuo
1823 2295 1936 2382 prem·

530 2409 597 2480 rito
612 2429 675 2502 per
688 2408 819 2480 ouriem
837 2419 990 2481 nostram
1008 2410 1103 2500 data,
1116 2410 1302 2501 cujuslibet
1318 2409 1487 2482 rabonem
1500 2409 1546 2480 ed
1561 2409 1656 2483 curie
1672 2418 1790 2482 nostre
1803 2411 1937 2506 protoe-

531 2541 606 2602 tum
625 2543 660 2603 et
679 2529 835 2603 fidelium
855 2543 1052 2604 nostrorum
1071 2532 1345 2626 expeditionem,
1364 2533 1453 2606 sieut
1473 2533 1625 2605 officium
1645 2543 1802 2606 vestrum
1818 2533 1936 2626 deest,

529 2657 684 2730 studiose
701 2658 874 2748 discutite,
892 2679 934 2728 ao
952 2657 1142 2730 discussam
1157 2668 1193 2728 et
1205 2657 1405 2752 expeditam
1421 2656 1571 2728 finaliter
1582 2659 1685 2749 juxte
1704 2659 1843 2730 solitum
1856 2658 1939 2735 iude

530 2779 717 2852 scribendo
738 2790 858 2852 nostro
885 2781 1027 2851 culmini
1048 2781 1249 2872 terminate,
1272 2781 1436 2876 predictis
1457 2781 1621 2852 omnibus
1643 2799 1755 2874 usque
1775 2781 1823 2854 ad
1843 2781 1940 2858 eliud

530 2902 735 2975 mandatum
755 2901 865 2974 nostri
881 2903 1040 2974 culminis
1055 2903 1247 2994 duraturis,
1267 2913 1302 2975 et
1323 2904 1421 2976 vobis
1435 2925 1574 2976 uunexu
1590 2904 1766 2998 superius,
1782 2903 1861 2976 siue
1870 2904 1940 2977 alio

532 3025 676 3119 speciali
690 3026 853 3098 mandato
871 3038 1005 3116 nostro,
1022 3028 1123 3098 annis
1138 3027 1282 3120 singulis
1298 3027 1426 3122 quibus
1441 3027 1604 3098 officiales
1619 3027 1746 3098 mutari
1760 3027 1939 3100 mandavi·

533 3170 625 3238 mus,
637 3149 1217 3223 effioeeiterservaturis.Neeutem
1228 3151 1393 3222 officiales
1406 3150 1590 3243 dequibus
1601 3151 1761 3245 superius
1773 3150 1938 3241 dixirnn's,

534 3271 623 3344 side
644 3272 817 3344 mendatis
836 3274 961 3346 nostris
980 3274 1034 3345 vel
1052 3274 1307 3368 responsalibus
1323 3275 1440 3367 aliqua
1452 3274 1603 3348 retinere
1623 3275 1680 3345 vel
1696 3273 1811 3368 potius
1824 3275 1940 3346 ocoel-

535 3404 608 3466 ture
625 3417 695 3466 nou
712 3396 913 3468 exhibendo
929 3398 1214 3492 presumpserint,
1228 3410 1306 3493 post
1324 3398 1505 3493 prestitum
1517 3399 1768 3490 iuramentum,
1784 3398 1942 3472 iruudenu

534 3519 591 3590 rel
610 3539 731 3590 eorum
745 3519 912 3591 malitiam
930 3521 1075 3592 transire
1089 3542 1127 3592 se
1141 3521 1318 3612 gaudeant
1332 3521 1556 3616 impunitam,
1573 3519 1756 3594 officialem
1770 3521 1831 3614 qui
1846 3519 1941 3594 eurio

535 3651 653 3714 nostre
669 3641 833 3733 registra,
848 3662 996 3736 quorum
1014 3645 1176 3738 exempla
1192 3665 1330 3740 semper
1345 3644 1535 3736 habebitis,
1551 3643 1738 3736 obtexerit,
1756 3643 1942 3740 prudentie

535 3776 651 3838 vestre
667 3765 912 3841 committimus
929 3766 1158 3861 puniendum.

441 4214 465 4298 ⁰,
590 4197 618 4282 F
620 4197 817 4306 riderieus,
839 4195 1101 4280 Romanorum
1126 4197 1346 4308 imperator,
1363 4195 1575 4306 justitiariis
1600 4196 1708 4310 regui
1733 4208 1770 4279 et
1795 4191 1942 4303 imperii

539 4333 695 4414 mandat
730 4339 771 4413 ut
798 4330 1004 4438 procedent
1030 4339 1162 4413 eontra
1192 4330 1347 4414 clericos
1374 4354 1451 4412 non
1480 4329 1712 4414 celebrantes
1737 4328 1943 4412 missurum

537 4463 722 4546 solemnis
740 4474 908 4570 tempore
932 4462 1139 4570 interdicti,
1159 4473 1196 4545 et
1214 4463 1317 4572 quod
1342 4462 1509 4572 religiosi
1537 4487 1614 4545 non
1642 4462 1872 4546 transierant
1903 4485 1944 4542 se

537 4597 586 4678 de
603 4595 751 4678 civitate
769 4596 808 4676 iu
825 4594 1027 4678 civitatem.
