4318 5904
779 648 1093 726 contundenda.
1578 647 1642 714 945

233 785 329 883 quod
346 784 566 884 privilegium
581 782 758 880 quoddam
772 805 794 860 a
810 785 892 860 divo
906 787 1122 863 Ludovieoll
1136 785 1382 883 predecessore
1396 791 1514 860 nestm
1526 803 1639 881 quoru·

231 912 315 984 dam
335 909 579 1004 augustissimo
598 907 807 1004 imperatore
831 909 946 982 eidem
966 911 1178 984 monasterio
1200 911 1400 1003 elargitum,
1420 929 1514 981 nunc
1535 907 1639 984 duxi·

232 1058 312 1108 mus
331 1033 527 1130 specialiter
546 1031 839 1125 confirmandum,
869 1043 973 1129 prout
1000 1034 1046 1107 de
1072 1037 1162 1108 iacto
1185 1033 1429 1108 confirmamus
1452 1041 1639 1129 nostraque

232 1157 404 1254 imperiali
421 1155 624 1229 auctoritate
642 1155 919 1228 corroboramus.
939 1157 1062 1230 Nullus
1078 1159 1184 1252 igitur
1204 1158 1295 1250 dux,
1311 1155 1483 1248 marchio,
1502 1178 1635 1247 comes,

232 1281 447 1372 vicecomes,
465 1278 676 1370 sculdasius,
694 1279 879 1374 castaldio,
899 1301 1025 1373 magua
1047 1282 1120 1354 sive
1143 1302 1250 1378 parva
1269 1302 1417 1380 persona
1434 1279 1640 1373 jamdictum

233 1405 504 1494 monasterium,
533 1402 711 1496 religiosos
735 1412 772 1479 et
795 1425 876 1478 suos
904 1426 1122 1482 successores
1140 1427 1330 1500 eorumque
1348 1405 1440 1482 bona
1456 1405 1640 1480 molestare

232 1525 378 1617 audeat,
398 1536 459 1600 aut
475 1526 506 1604 si
519 1525 666 1618 detinet,
685 1525 720 1600 iu
737 1537 915 1622 posterum
925 1529 1033 1604 libere
1054 1541 1090 1603 et
1104 1530 1180 1604 sine
1191 1531 1263 1603 ulla
1275 1529 1546 1604 contradictione
1557 1527 1639 1601 red-

235 1651 313 1746 dat,
330 1651 485 1746 alioquin
505 1639 659 1724 nostram
676 1650 949 1744 indignationem
968 1654 1187 1756 incursurupr
1205 1653 1304 1726 sciat.
1324 1654 1448 1726 Nullus
1462 1661 1641 1748 presentes

235 1773 425 1850 monachos
443 1784 479 1846 et
498 1775 632 1847 ltrturos
650 1795 861 1870 suorumque
877 1778 1046 1871 vasallos,
1069 1777 1347 1870 commendatos,
1369 1797 1508 1870 servos,
1530 1776 1640 1849 ancil·

235 1901 304 1993 las,
322 1899 480 1972 aldiones
501 1909 539 1971 at
557 1907 673 1972 cetera
689 1899 807 1973 omnia
823 1901 1017 1974 disturbare
1040 1912 1076 1974 et
1096 1903 1289 1996 inquietare
1309 1911 1502 1997 presumat,
1524 1921 1639 1994 neque

235 2045 295 2098 eos
327 2023 551 2115 distringere,
569 2045 716 2116 gravare
735 2035 797 2097 aut
828 2026 1008 2118 angariare
1039 2027 1186 2118 audeat,
1215 2026 1282 2100 sed
1310 2026 1427 2120 quiete
1456 2035 1491 2096 et
1519 2045 1640 2097 secure

236 2145 456 2232 viventem
482 2156 600 2219 eutem
621 2156 784 2242 proterva
811 2150 1005 2222 temeritate
1030 2149 1098 2222 hoe
1119 2149 1464 2240 iaceretentaverit,
1491 2149 1577 2222 sciat
1600 2170 1638 2221 se

235 2269 525 2365 compositurum,
552 2280 656 2366 prout
681 2272 719 2344 iu
748 2273 947 2368 supradicto
977 2273 1157 2368 privilegio
1189 2275 1332 2365 dicitur,
1362 2273 1438 2345 auri
1465 2273 1639 2370 purissimi

236 2392 342 2466 libras
359 2403 518 2485 centum,
536 2394 757 2468 medietatem
771 2418 907 2469 camere
926 2407 1043 2470 nostre
1066 2408 1101 2470 et
1116 2399 1261 2476 alteram
1277 2397 1499 2474 medietatem
1521 2396 1639 2477 muru

237 2523 274 2588 et
287 2516 453 2588 iratribus
469 2518 626 2610 ejusdem
643 2519 849 2591 sanctissimi
862 2520 1062 2593 monasterii
1080 2543 1144 2616 per
1163 2531 1321 2616 tempora
1336 2522 1557 2594 successuris.

283 2639 393 2732 Hujus
405 2640 454 2712 rei
471 2649 575 2712 testes
585 2651 690 2714 sunt:
707 2643 874 2716 Heuricus
888 2665 954 2717 rex
964 2645 1199 2717 Romanorum
1213 2646 1356 2737 electus,
1368 2643 1413 2720 Α.
1427 2645 1637 2717 Coloniensis

236 2760 437 2858 episcopus,
454 2764 497 2836 N.
514 2764 590 2838 dux
604 2767 923 2860 Luneuburgensis,
940 2788 1057 2841 comes
1073 2767 1260 2860 Geiredus,
1280 2768 1401 2841 etalii.

285 2885 388 2972 Quod
411 2895 451 2959 ut
474 2897 679 2983 perpetuam
707 2888 905 2962 firmitatem
926 2890 1072 2984 habeat,
1096 2913 1239 2986 presens
1265 2869 1483 2988 privilegium
1506 2890 1580 2964 fieri
1602 2901 1638 2964 et

237 3009 350 3102 sigillo
364 3013 553 3104 majestatis
568 3023 685 3086 nostre
696 3015 862 3107 jussimus
876 3016 1093 3088 communiri.

285 3131 412 3206 Actum
430 3136 609 3232 Herbipoli
626 3137 785 3231 feliciter,
802 3159 896 3212 auno
913 3138 1034 3211 salutis
1050 3148 1168 3214 nostre
1189 3139 1235 3213 Μ.
1248 3139 1438 3231 unxm,
1455 3137 1500 3214 de
1518 3159 1637 3211 mense

236 3257 400 3330 octobris.

288 3377 446 3476 (Signum
464 3382 595 3456 domini
609 3385 773 3459 Friderici
790 3388 837 3479 ll,
853 3388 1085 3461 Romanorum
1104 3387 1321 3482 imperatoris
1342 3387 1480 3482 augusti
1498 3394 1533 3458 et
1551 3385 1640 3478 regis

238 3501 383 3600 Sicilie.)

292 4062 523 4175 FridericuS,
550 4068 809 4153 Romanorum
837 4071 1057 4180 imperator,
1084 4069 1394 4154 ministerialibus
1421 4077 1458 4152 et
1482 4067 1642 4178 prouin—
1668 4084 1846 4193 „cgffiffl

239 4195 399 4280 cialibus
416 4199 464 4282 de
482 4200 606 4311 Styria
630 4214 785 4286 renovat
802 4203 1042 4316 privilegium
1066 4204 1114 4286 de
1131 4202 1368 4286 libertatibus
1387 4203 1437 4286 ab
1457 4202 1643 4286 Ottokaro

240 4327 376 4414 ultimo
393 4332 490 4416 duce
508 4333 654 4444 Styriae
671 4335 814 4420 eisdem
832 4363 933 4420 auno
954 4339 1072 4445 1186,
1091 4339 1138 4418 17
1158 4336 1325 4447 augusti,
1344 4335 1538 4418 indultum
1556 4334 1639 4444 (1),

278 4675 312 4750 (t)
329 4676 450 4736 Ottolmri
470 4679 586 4754 diploma
598 4681 632 4739 de
650 4698 704 4756 quo
719 4697 772 4740 non
786 4681 862 4740 adest
876 4681 950 4754 justa
969 4681 1121 4756 suspicandi
1134 4697 1215 4740 causa
1235 4687 1310 4740 extat
1326 4697 1370 4756 ap.
1387 4682 1486 4755 Lumo,
1500 4680 1641 4740 deiebscr-

241 4773 314 4846 cltio,
328 4779 349 4831 t.
362 4775 423 4847 Vll,
436 4792 464 4851 p.
481 4779 544 4834 tto.
