4306 5914
204 636 304 696 rame.
320 634 366 711 a]
649 633 844 697 nrsronra
869 589 1164 697 nrrnou'arrua.

259 1184 501 1271 Innocentius
522 1213 621 1298 papa
640 1187 799 1270 Sanctae
814 1185 955 1272 Mariae
976 1187 1016 1270 in
1042 1187 1111 1272 Via
1137 1187 1216 1272 lata
1239 1188 1399 1272 diacono
1426 1183 1611 1271 cardinali
1643 1189 1810 1290 „imp
1948 1192 1951 1198 '

208 1311 443 1428 Apostolicae
475 1321 583 1404 Sedis
613 1320 740 1430 legato
769 1322 926 1405 mandat
952 1322 1057 1430 quod
1084 1321 1402 1432 dispensationem
1428 1322 1475 1405 de
1502 1319 1611 1404 tertio

207 1452 329 1561 gradu
356 1453 696 1566 consanguinitatis
723 1453 821 1538 inter
848 1453 1013 1537 Ulricum
1042 1465 1174 1538 natum
1201 1455 1308 1539 ducis
1333 1453 1548 1539 Corinthiae
1575 1462 1613 1537 et

206 1587 392 1696 Agnetem
419 1597 569 1699 neptem
594 1587 830 1698 patriarchae
857 1588 1120 1699 aquilegensis
1146 1587 1311 1695 tribuat,
1331 1597 1479 1698 recepta
1504 1585 1612 1698 prius

206 1717 255 1801 ab
273 1735 436 1830 utroque
455 1722 503 1805 de
521 1721 733 1805 assistendo
751 1720 944 1806 Romanae
966 1719 1153 1806 Ecclesiae
1171 1732 1302 1806 contra
1324 1721 1555 1806 Fridericum
1575 1730 1612 1804 et

205 1852 253 1935 de
275 1855 549 1963 perseverando
569 1855 820 1964 ,immobiliter
843 1855 882 1938 in
908 1855 1096 1939 Ecclesiae
1125 1857 1323 1941 deuotione
1348 1857 1483 1941 idonea
1508 1881 1610 1938 cau-

205 1983 322 2069 tione

289 2174 413 2256 (laedit.
428 2194 465 2239 ex
478 2184 593 2257 regesto
606 2181 691 2259 eplst.
707 2179 811 2240 Innoc.
827 2177 881 2256 lv,
896 2195 976 2242 anno
990 2179 1046 2261 Vl,
1060 2181 1093 2241 ln
1106 2179 1183 2242 Blbl.
1198 2179 1298 2244 Cesar.
1318 2179 1426 2261 Parta,
1443 2197 1506 2242 uae
1519 2177 1613 2262 suada

327 2279 414 2366 buo,
427 2295 461 2346 ιι·
475 2285 579 2366 ⁴0³0.)

254 2447 383 2519 Datum
395 2447 568 2544 Lugduni,
584 2447 797 2523 Xlralandaa
807 2449 973 2546 januarii,
993 2471 1086 2522 anno
1101 2447 1159 2523 Vl.

135 2995 139 3003 ·
262 2973 494 3082 Fridericus‚
519 2979 779 3065 Romanorum
802 2979 1022 3088 imperator,
1049 2978 1220 3062 concedit
1245 2985 1283 3060 et
1303 2975 1504 3060 confirmat
1523 2969 1612 3056 Ver.
1676 2974 1788 3082 Q,

209 3135 277 3192 seu
295 3109 340 3193 Β.
363 3111 411 3194 de
427 3112 604 3195 Vercellis
622 3115 810 3222 quaedam
829 3113 931 3196 bona
948 3111 1000 3195 ibi
1015 3137 1191 3222 expressa
1210 3137 1308 3221 quae
1325 3109 1458 3193 Petrus
1473 3108 1616 3190 Bicbe-

208 3241 293 3323 rius
310 3243 429 3325 etalii
448 3243 587 3326 milites
611 3227 741 3326 statuti
764 3269 878 3352 super
897 3244 1168 3327 distribuendis
1191 3242 1301 3341 bonis
1322 3240 1616 3328 vercellensium

208 3377 468 3484 proditorum,
487 3378 610 3461 eidem
628 3378 756 3461 danda
773 3378 1026 3487 providerant.

290 3561 417 3644 (laedit.
432 3583 469 3626 ex
481 3566 548 3626 cod.
563 3565 640 3626 Blbl.
656 3565 807 3641 vatican„
821 3575 856 3626 n·
870 3574 959 3645 598⁵,
972 3564 1025 3626 tol.
1042 3573 1078 3626 rt
1093 3580 1191 3640 verso,
1202 3579 1271 3626 cum
1282 3563 1338 3624 boc
1351 3561 1438 3623 tltulo
1450 3579 1459 3623 ε
1473 3558 1619 3641 densauit

329 3667 457 3749 mutium
469 3666 583 3729 aridum
595 3667 686 3729 nobili
700 3666 735 3730 de
749 3667 829 3731 bonis
837 3669 1033 3750 proditurum.
1049 3670 1138 3731 Deest
1151 3671 1263 3730 notatlo
1279 3669 1336 3729 loct
1349 3664 1558 3746 et'tamporls.)

257 3827 466 3922 Fridericus,
485 3842 553 3904 etc.
569 3832 812 3903 Remuneratic
826 3830 1056 3924 subjectorum
1074 3830 1314 3904 liberalitatem
1329 3827 1621 3924 principisoaten-
1731 3853 1740 3870 ·

210 3950 261 4024 dit
275 3952 311 4023 in
325 3964 550 4051 perpetuum
571 3955 631 4028 illa
646 3963 730 4028 verb
745 3956 910 4050 dignioris
926 3955 1039 4028 laudis
1058 3955 1157 4028 titulo
1175 3953 1338 4027 elucescit
1351 3973 1420 4046 qua
1437 3951 1540 4045 digna
1556 3972 1621 4046 pm

208 4075 340 4148 meritis
354 4078 485 4172 premia
499 4078 693 4170 largiuntur
705 4087 741 4151 et
755 4079 910 4152 ditantur
919 4079 1003 4174 justi
1018 4077 1135 4176 spoliis
1148 4075 1405 4173 quodammodo
1419 4077 1622 4171 dampnato-

208 4221 298 4272 rum.
316 4199 382 4272 Per
400 4223 544 4297 presens
569 4203 673 4296 igitur
693 4204 1002 4298 scriptumnctum
1028 4202 1101 4276 lieri
1123 4206 1283 4277 volumus
1298 4199 1470 4274 universis
1485 4199 1621 4294 imperii

209 4319 371 4396 fidelibus
398 4335 467 4397 tam
495 4328 714 4422 presentibus
742 4349 847 4421 quam
872 4329 996 4400 suturis
1026 4329 1121 4421 quod
1143 4329 1224 4401 Ver.
1245 4327 1290 4399 da
1319 4325 1484 4397 Vercellis
1509 4323 1622 4396 fidelis

211 4455 330 4519 noster
353 4449 525 4542 majestati
547 4460 664 4524 nostre
687 4451 864 4524 humiliter
883 4452 1091 4548 supplicavit
1106 4462 1148 4524 ut
1169 4474 1249 4524 cum
1270 4452 1306 4524 P.
1327 4449 1505 4522 Bicberius
1518 4446 1571 4546 (l)
1588 4455 1624 4522 et

248 4676 285 4748 (t)
304 4677 335 4732 ln
349 4677 442 4736 codice
451 4679 483 4736 B.
500 4679 620 4752 Vtebatur,
634 4681 724 4738 minua
738 4681 924 4762 recte.1lgitur
935 4681 969 4740 da
981 4681 1032 4739 isto
1043 4680 1165 4739 bicberio
1178 4680 1380 4754 doquosupra,
1394 4697 1422 4753 p.
1435 4681 1497 4737 abb.
1515 4675 1545 4732 ln
1560 4690 1622 4734 eum

216 4774 309 4832 uenter
320 4774 424 4834 iurabit
436 4777 605 4836 Innocentius
618 4793 699 4853 papa,
714 4779 742 4836 in
755 4778 908 4838 litterisubi
921 4780 1033 4852 legimus
1046 4798 1053 4836 :
1068 4799 1083 4834 ι
1096 4780 1162 4838 Cum
1178 4777 1259 4851 igitur
1269 4779 1366 4835 Petrus
1380 4777 1470 4835 dictus
1481 4773 1622 4834 Biobarius
