4300 5916
227 585 330 645 nerei.
349 584 413 662 15.]
678 584 876 646 HISTORIA
901 586 1196 649 nlrtotta'rtca
1578 593 1638 654 835

227 729 344 790 sentes
358 718 455 814 quod
470 740 534 790 nos
547 718 736 792 civibusde
746 720 962 815 Wetphlaria
980 719 1141 794 fidelibus
1154 721 1282 795 nostris
1297 723 1414 795 omnia
1424 725 1517 816 jura,
1532 727 1638 799 liber-

229 851 317 914 tates
340 864 403 914 seu
424 842 693 914 consuetudines
720 863 799 914 suas
828 852 898 914 tam
923 844 1084 937 antiquas
1106 868 1211 940 quam
1235 846 1338 917 etiam
1363 868 1486 936 novas,
1508 871 1638 941 quasa

228 965 371 1039 domino
396 975 432 1038 et
455 974 554 1061 patre
580 975 700 1039 nostro
725 966 900 1039 Friderico
924 967 1157 1041 Romanorum
1186 969 1394 1064 imperatore
1417 971 1638 1044 serenissimo

227 1089 398 1162 hactenus
415 1090 658 1181 obtinuerunt,
682 1090 726 1163 de
750 1091 868 1162 innata
889 1092 990 1163 nobis
1011 1092 1225 1184 benignitate
1243 1093 1293 1164 eis
1315 1115 1377 1188 per
1401 1105 1537 1166 nostras
1559 1117 1639 1190 pre·

229 1224 347 1286 sentes
367 1214 498 1286 litteras
516 1213 682 1286 duximus
701 1214 969 1287 confirmandas.
988 1216 1194 1288 Mandantes
1214 1227 1249 1288 et
1271 1219 1474 1290 auctoritate
1495 1229 1639 1313 paterna

229 1346 265 1409 et
286 1347 407 1410 nostra
431 1336 576 1409 firmiter
601 1350 637 1410 et
662 1338 818 1411 districte
843 1339 1072 1435 precipientes
1098 1341 1262 1433 quatinus
1287 1342 1404 1412 nullus
1431 1353 1639 1415 memoratos

230 1461 325 1533 cives
348 1461 384 1532 in
414 1461 485 1560 suuis
508 1461 663 1554 juribus,
691 1462 908 1534 libertatibus
931 1485 992 1534 seu
1018 1465 1326 1536 consuetudinibus
1355 1464 1523 1538 haetenus
1547 1467 1639 1538 licite

230 1584 382 1657 obtentis
397 1596 518 1658 eontra
533 1583 624 1658 banc
639 1595 756 1658 nostre
772 1584 1041 1658 confirmationis
1058 1588 1220 1683 paginam
1236 1611 1411 1682 quoquam
1426 1613 1511 1661 ausu
1532 1601 1638 1663 teme·

230 1708 323 1781 ratio
338 1711 522 1783 molestare
535 1723 724 1807 presumat.
742 1711 842 1797 Quod
860 1712 920 1806 qui
937 1713 1184 1807 presumpserit
1201 1715 1471 1806 indignationem
1487 1727 1639 1788 nostram

230 1853 268 1904 se
293 1834 432 1905 noverit
454 1836 607 1927 graviter
637 1835 836 1906 incurrisse.
863 1836 1076 1931 Preeipimus
1098 1846 1213 1908 autem
1240 1837 1320 1925 tibi,
1346 1836 1569 1930 burcgravie,
1599 1860 1640 1910 ac

230 1956 354 2028 ceteris
370 1957 498 2029 ibidem
518 1958 741 2052 postmodum
766 1957 923 2031 officiatis
948 1961 1075 2031 nostris
1092 1960 1321 2032 existentibus
1335 1971 1375 2032 ut
1389 1961 1529 2033 eosdem
1546 1963 1640 2033 cives

230 2081 267 2151 in
283 2080 448 2176 predictis
466 2081 670 2154 auctoritate
692 2093 807 2154 nostra
825 2093 1049 2154 manuteneas
1066 2094 1101 2154 et
1121 2083 1302 2155 delendas.
1553 2083 1557 2093 '

279 2203 406 2276 Actum
423 2214 458 2276 ct
479 2204 600 2276 datum
625 2206 718 2301 apud
739 2206 956 2298 Rodinburc,
982 2228 1075 2279 anno
1097 2207 1233 2280 Domini
1254 2209 1302 2282 M.
1313 2209 1373 2282 CC.
1386 2209 1494 2297 XIII,
1519 2229 1637 2280 mense

230 2328 341 2420 maio,
360 2329 423 2400 XV
439 2329 640 2401 indictione.

914 2535 960 2606 II.

313 2708 406 2788 (Edit.
424 2727 473 2786 ap.
487 2707 622 2791 Priciqu.
638 2716 668 2769 et
677 2715 768 2789 pacm
787 2726 843 2770 con
856 2707 994 2786 breulfi,
1011 2727 1041 2787 p.
1059 2718 1087 2768 4.
1103 2742 1144 2753 -
1157 2709 1274 2788 Lauro,
1287 2708 1492 2786 amimalia,
1509 2717 1532 2773 t.
1549 2713 1635 2788 XIII,

351 2831 379 2890 p.
398 2823 467 2874 ⁵5⁸.
481 2847 520 2858 -
536 2817 697 2886 Boreum,
714 2812 784 2875 Ccd.
800 2811 918 2893 dtplom.
933 2812 1174 2894 Mocoosroncm
1191 2822 1214 2874 t.
1231 2815 1257 2891 1,
1274 2834 1303 2892 p.
1321 2816 1381 2894 70.)

278 3000 468 3090 Conradus,
487 3001 559 3074 divi
573 3001 707 3092 augusti
726 3000 943 3094 imperatoris
958 2999 1121 3072 Friderici
1137 2999 1242 3090 filius,
1260 3000 1320 3071 Ilei
1337 3001 1446 3091 gratia
1460 3003 1638 3073 Romano-

231 3146 309 3194 rum
325 3125 362 3194 in
378 3145 496 3217 regem
515 3126 646 3196 electus
667 3147 805 3219 semper
824 3135 992 3215 augustus
1017 3135 1052 3195 et
1077 3123 1179 3194 heres
1203 3125 1299 3215 regni
1323 3126 1532 3214 Ierusalem,
1557 3125 1636 3195 uni·

231 3249 340 3320 versis
364 3248 408 3318 ad
439 3269 526 3340 quos
553 3259 732 3342 presentes
760 3248 872 3318 littere
902 3247 1123 3341 pervenerint
1149 3246 1283 3340 imperii
1307 3245 1468 3317 fidelibus
1490 3247 1637 3339 gratiam

232 3393 330 3444 suam
350 3382 384 3443 et
400 3393 503 3442 omne
519 3372 661 3443 bonum.
680 3370 899 3442 Universitati
915 3381 1030 3441 vestre
1055 3379 1177 3442 notum
1195 3367 1269 3440 lieri
1290 3370 1451 3440 volumus
1472 3391 1534 3463 per
1557 3392 1636 3464 pre·

230 3504 347 3568 sentes
358 3495 454 3589 quod
467 3515 531 3565 nos
542 3495 676 3566 civibus
690 3496 735 3566 de
747 3485 975 3576 Frankinvort
989 3493 1150 3566 fidelihus
1163 3494 1289 3566 nostris
1304 3494 1420 3566 omnia
1433 3495 1526 3587 jura,
1537 3495 1639 3566 liber·

233 3627 321 3690 tates
340 3627 375 3688 et
395 3617 663 3689 consuetudines
683 3638 763 3688 suas
787 3629 856 3689 tam
878 3619 1038 3710 antiquas
1057 3640 1163 3711 quam
1186 3638 1293 3688 novas
1314 3639 1336 3688 a
1357 3619 1499 3690 domiuo
1520 3629 1638 3689 nostro

232 3753 269 3816 et
311 3743 468 3836 genitore
511 3742 685 3814 Friderico
724 3745 957 3815 Romanorum
1003 3745 1208 3837 Imperatore
1248 3744 1467 3814 serenissimo
1507 3727 1669 3814 eisdem

232 3866 398 3954 indultae,
417 3867 461 3940 de
476 3867 594 3939 innata
610 3867 710 3938 nobis
730 3866 942 3960 benignitate
960 3866 1126 3939 duximus
1142 3865 1415 3956 confirmandas;
1435 3867 1639 3937 mandantes

233 4000 269 4063 et
288 3991 491 4064 auctoritate
508 4003 653 4086 paterna
675 4001 861 4085 nostraque
880 3989 1025 4062 firmiter
1044 4001 1079 4061 et
1097 3989 1251 4063 districte
1273 3990 1503 4085 precipientes
1524 3988 1638 4080 quati-

233 4136 299 4186 nus
313 4116 430 4186 nullus
444 4115 585 4187 eosdem
601 4115 695 4186 cives
710 4115 745 4185 in
762 4115 833 4185 suis
842 4115 980 4206 juribus
1003 4124 1039 4184 et
1062 4113 1279 4184 libertatibus
1301 4112 1468 4182 hactenus
1488 4111 1639 4182 obtentis

234 4250 353 4310 contra
381 4237 472 4310 hanc
497 4249 615 4309 nostre
647 4237 917 4309 confirmationis
944 4237 1105 4332 paginam
1135 4257 1309 4331 quoquam
1337 4257 1423 4306 ausu
1458 4234 1639 4306 temerario

234 4363 417 4433 molestare
438 4373 626 4457 presumat.
649 4361 751 4446 Quod
773 4361 833 4454 qui
856 4362 1103 4455 presumpserit
1129 4360 1401 4452 indignationem
1425 4368 1577 4430 nostram
1601 4379 1639 4428 se

234 4486 370 4557 noverit
395 4477 548 4577 graviter
577 4485 775 4557 incurrisse.
805 4485 1015 4578 Precipimus
1042 4495 1158 4555 autem
1187 4483 1266 4572 tibi,
1296 4482 1481 4574 burgravie
1507 4479 1572 4576 (t),
1597 4502 1639 4552 ac

268 4714 304 4786 (l)
322 4712 397 4768 Tunc
412 4727 501 4786 neque
514 4711 585 4786 apud
598 4711 721 4770 Wetzlar
738 4725 826 4785 neque
840 4710 910 4785 apud
927 4710 1068 4769 Franclort
1081 4709 1218 4784 burgravii
1229 4708 1349 4766 aderant.
1365 4708 1417 4765 Sed
1437 4708 1562 4767 arbitrari
1577 4709 1640 4768 lieet
