4310 5908
233 627 335 688 lanam.
351 624 399 710 9.]
671 621 870 686 HISTORIA
894 620 1193 686 blendumen.
1576 621 1636 684 '195

232 763 276 836 de
298 764 428 836 virtute
443 783 486 834 ac
502 760 742 854 magnitudine
765 761 903 852 augusti
918 759 980 831 iiiii
1001 760 1145 832 letitiam
1161 760 1252 830 intra
1267 760 1359 832 fores
1378 763 1528 855 pectoris
1547 764 1636 834 ulla·

232 896 334 962 tenus
349 886 513 958 obserare
533 881 606 982 (a),
621 883 707 978 quin
720 884 813 956 foras
826 883 863 955 in
876 886 1027 956 clamore
1039 884 1153 976 jubilo
1167 882 1338 956 violenter
1354 905 1425 956 non
1442 898 1638 981 erumperet

230 1010 405 1084 communi
421 1009 599 1082 alacritate
617 1029 683 1080 nec
700 1007 925 1103 perfunderet
937 1005 1093 1082 fidelium
1108 1006 1289 1103 precordia
1305 1007 1557 1100 subjectorum,
1577 1011 1638 1082 ubi

231 1144 283 1208 tot
306 1135 499 1228 magnalia,
528 1143 581 1206 tot
599 1141 698 1226 gesta
718 1131 902 1227 magnifica
926 1143 962 1206 et
980 1154 1221 1229 supremarum
1239 1132 1346 1226 digna
1365 1133 1509 1208 laudum
1529 1134 1637 1206 titulis

231 1257 275 1330 de
297 1257 429 1330 victore
451 1268 487 1331 et
502 1257 615 1353 perito
632 1257 734 1330 bellis
750 1255 822 1330 lilio
843 1267 913 1329 tarn
930 1257 1094 1330 continue
1114 1257 1334 1330 nunciantur.
1359 1258 1493 1330 Exerce
1515 1259 1633 1352 igitur,

230 1379 279 1454 lili
306 1381 504 1473 karissime,
533 1381 661 1454 nobilis
691 1381 741 1454 toi
766 1381 931 1454 virtutem
952 1381 1073 1472 animi,
1093 1391 1129 1454 ct
1148 1381 1353 1456 honorando
1368 1392 1403 1454 et
1416 1383 1636 1456 sublimando

230 1504 332 1577 nobis
356 1514 393 1576 et
416 1504 479 1576 tibi
500 1502 651 1577 fideliter
675 1504 883 1597 servientes,
910 1504 1188 1577 adversariorum
1209 1515 1407 1578 nostrorum
1434 1527 1565 1579 cornua
1588 1507 1637 1580 sic

231 1627 410 1722 confringe
435 1649 626 1722 eorumque
646 1639 845 1723 protervam
869 1629 1068 1724 superbiam
1084 1630 1133 1702 sic
1156 1641 1336 1725 prosterne
1360 1630 1457 1724 quod
1481 1652 1543 1726 pre
1570 1633 1638 1703 tuis

232 1751 372 1825 contriti
398 1751 559 1824 manibus
587 1751 722 1824 discant
745 1762 915 1846 quantum
945 1752 990 1823 sit
1016 1753 1142 1825 durum
1178 1763 1298 1826 contra
1325 1753 1503 1826 stimulum
1531 1755 1636 1828 calci·

233 1883 338 1947 trare.

289 2296 396 2380 Cives
414 2295 574 2378 Parmae
602 2297 898 2406 potentiores...
920 2324 1007 2381 cum
1036 2309 1160 2382 castra
1178 2302 1228 2384 sd
1254 2301 1413 2386 ciuitatis
1441 2307 1637 2391 tuitionem
1706 2325 1715 2375 1

233 2429 273 2510 in
292 2429 466 2513 confiniis
485 2430 564 2512 suis
582 2439 799 2512 constructa
817 2431 938 2513 securi
961 2443 998 2514 et
1017 2432 1181 2516 inermes
1203 2435 1514 2547 perlustrassent,
1534 2440 1637 2523 insi-

233 2561 383 2644 diantes
402 2562 528 2646 subito
545 2563 593 2645 de
614 2561 783 2645 latibulis
805 2563 885 2646 suis
903 2564 951 2646 ad
971 2591 1140 2675 unguem
1160 2569 1296 2650 armati
1315 2569 1461 2653 editum
1479 2573 1638 2656 civitatis

233 2695 520 2804 praecluserunt
543 2695 773 2803 immunitis,
798 2721 1007 2808 omnesque
1034 2698 1133 2782 cives
1157 2700 1310 2784 illos...
1341 2704 1445 2787 velut
1471 2707 1638 2792 aviculas

234 2839 414 2936 ceperunt
436 2828 665 2912 irretitas...
688 2830 868 2935 [Quidam
886 2831 1001 2913 etiam
1025 2833 1074 2914 de
1100 2833 1254 2944 populo]
1277 2863 1375 2946 quae
1401 2841 1504 2946 pacis
1530 2859 1639 2926 erant

233 2960 430 3044 humiliter
447 2963 712 3070 postulabant,
728 2973 765 3046 ct
782 2963 893 3046 multi
912 2977 1090 3048 exeuntes
1108 2967 1198 3049 data
1216 2994 1293 3051 non
1312 2971 1462 3055 modica
1479 2976 1638 3082 pecunia

235 3094 388 3177 dextras
414 3096 600 3178 dederunt
627 3095 823 3180 Frederico
851 3123 965 3179 suum
995 3098 1194 3183 arbitrium
1219 3101 1380 3185 subituri
1385 3167 1482 3187 ......
1509 3107 1641 3192 Bono-

235 3227 387 3310 nienses
411 3239 539 3310 autem
557 3229 651 3311 baec
673 3230 888 3334 audientes,
909 3231 1037 3314 missis
1060 3234 1109 3315 ad
1132 3233 1258 3342 ipsum
1276 3236 1516 3321 Fredericum
1535 3268 1642 3324 nun-

236 3359 318 3465 tiis,
342 3361 499 3469 pacifica
516 3388 606 3445 cum
628 3363 843 3446 bumilitate
867 3375 904 3446 et
926 3365 1101 3472 precibus
1126 3368 1362 3477 rogitabant,
1389 3398 1487 3480 quos
1512 3383 1640 3458 tamen

236 3493 317 3603 ipse
347 3493 569 3578 Fredcricus
606 3495 753 3579 distulit
788 3497 980 3581 exaudire.
1020 3499 1205 3609 Tempore
1237 3501 1309 3584 sub
1344 3505 1479 3588 eodem
1514 3509 1642 3592 missis

237 3625 413 3710 fidelibus
440 3629 520 3711 suis
539 3630 588 3711 ad
606 3629 831 3712 Arinionem
855 3641 893 3713 et
915 3630 1047 3713 Arlam
1074 3632 1161 3744 (sie)
1188 3635 1356 3720 civitates
1383 3639 1643 3724 nobilissimas

238 3784 306 3842 nec
328 3759 494 3844 multum
518 3788 541 3844 a
565 3761 754 3871 Lugduno
780 3762 983 3871 distanteS,
1007 3765 1146 3847 civium
1172 3767 1341 3875 ipsarum
1369 3773 1532 3880 suscepit
1553 3801 1642 3856 cum

235 3889 461 3998 juramentis
487 3893 722 3978 fidelitatem.
750 3895 869 3980 illurn.
891 3897 1033 4004 Perus,
1058 3897 1153 3979 illst.
1178 3901 1270 4007 maj.
1291 3906 1463 4010 lapion,
1483 3931 1523 4012 p.
1545 3909 1637 3987 528.

452 4173 664 4186 *⁸*—
1114 4178 1434 4196 Ἤ

291 4393 497 4477 Riccardus
519 4397 568 4480 de
590 4397 730 4501 llocca,
750 4395 957 4504 imperialis
977 4397 1206 4506 justitiarius
1226 4405 1487 4519 Capitanatae,
1514 4411 1643 4523 vigore
1694 4409 1829 4515 vdills

242 4526 446 4637 imperialis
469 4529 640 4612 mandati
662 4530 772 4640 cujus
800 4539 909 4613 tenor
935 4532 1127 4641 inseritur,
1158 4537 1297 4622 lacobo
1322 4542 1370 4624 de
1394 4544 1581 4654 Rigniano
1607 4559 1645 4630 et
1690 4515 1832 4561 neem.

283 4715 324 4797 (a)
347 4717 383 4779 1n
396 4719 496 4781 codice
509 4717 655 4782 licentiam
668 4719 852 4801 intrusorter
854 4763 942 4784 .......
957 4721 1114 4796 obscurare,
1130 4727 1217 4788 male.
