<?xml version="1.0" encoding="UTF-8"?>
<!DOCTYPE html PUBLIC "-//W3C//DTD XHTML 1.0 Transitional//EN"
    "http://www.w3.org/TR/xhtml1/DTD/xhtml1-transitional.dtd">
<html xmlns="http://www.w3.org/1999/xhtml" xml:lang="en" lang="en">
 <head>
  <title>
</title>
<meta http-equiv="Content-Type" content="text/html;charset=utf-8" />
  <meta name='ocr-system' content='tesseract 3.04.00' />
  <meta name='ocr-capabilities' content='ocr_page ocr_carea ocr_par ocr_line ocrx_word'/>
</head>
<body>
  <div class='ocr_page' id='page_1' title='image "./historiadiploma00fredgoog/historiadiploma00fredgoog_0417.png"; bbox 0 0 4318 5904; ppageno 0'>
   <div class='ocr_carea' id='block_1_1' title="bbox 487 567 1449 636">
    <p class='ocr_par' dir='ltr' id='par_1_1' title="bbox 487 567 1449 636">
     <span class='ocr_line' id='line_1_1' title="bbox 487 567 1449 636; baseline 0.001 -5"><span class='ocrx_word' id='word_1_1' title='bbox 487 567 549 632; x_wconf 80' lang='lat'><strong>958</strong></span> <span class='ocrx_word' id='word_1_2' title='bbox 946 571 1074 633; x_wconf 75' lang='lat' dir='ltr'><strong>iubar</strong></span> <span class='ocrx_word' id='word_1_3' title='bbox 1099 572 1449 636; x_wconf 74' lang='lat' dir='ltr'><strong>nocuuurroabli.</strong></span> 
     </span>
    </p>
   </div>
   <div class='ocr_carea' id='block_1_2' title="bbox 503 766 619 846">
    <p class='ocr_par' dir='ltr' id='par_1_2' title="bbox 503 766 619 846">
     <span class='ocr_line' id='line_1_2' title="bbox 503 766 619 846; baseline -0.034 0"><span class='ocrx_word' id='word_1_4' title='bbox 503 766 619 846; x_wconf 71' lang='lat'><strong>1245</strong></span> 
     </span>
    </p>
   </div>
   <div class='ocr_carea' id='block_1_3' title="bbox 492 873 1967 1080">
    <p class='ocr_par' dir='ltr' id='par_1_3' title="bbox 492 873 1967 1080">
     <span class='ocr_line' id='line_1_3' title="bbox 492 873 1967 979; baseline 0.001 -19"><span class='ocrx_word' id='word_1_5' title='bbox 492 873 630 974; x_wconf 63' lang='lat' dir='ltr'><strong>&#39;ll&#39;iffil&#39;</strong></span> <span class='ocrx_word' id='word_1_6' title='bbox 645 935 858 959; x_wconf 92' lang='grc'><strong>.......</strong></span> <span class='ocrx_word' id='word_1_7' title='bbox 874 931 915 942; x_wconf 92' lang='grc'>-</span> <span class='ocrx_word' id='word_1_8' title='bbox 933 897 1041 962; x_wconf 68' lang='lat' dir='ltr'><strong>mena</strong></span> <span class='ocrx_word' id='word_1_9' title='bbox 1062 904 1226 979; x_wconf 66' lang='lat' dir='ltr'><strong>ausoauso</strong></span> <span class='ocrx_word' id='word_1_10' title='bbox 1252 901 1361 962; x_wconf 70' lang='lat' dir='ltr'><strong>reae</strong></span> <span class='ocrx_word' id='word_1_11' title='bbox 1382 899 1505 962; x_wconf 69' lang='lat' dir='ltr'><strong>meru</strong></span> <span class='ocrx_word' id='word_1_12' title='bbox 1530 898 1567 961; x_wconf 80' lang='lat' dir='ltr'><strong>ae</strong></span> <span class='ocrx_word' id='word_1_13' title='bbox 1590 899 1755 978; x_wconf 63' lang='lat' dir='ltr'><strong>erugari</strong></span> <span class='ocrx_word' id='word_1_14' title='bbox 1780 901 1905 978; x_wconf 63' lang='lat' dir='ltr'><strong>amna</strong></span> <span class='ocrx_word' id='word_1_15' title='bbox 1952 885 1967 922; x_wconf 82' lang='lat'>⁸</span> 
     </span>
     <span class='ocr_line' id='line_1_4' title="bbox 711 998 1904 1080; baseline 0.002 -23"><span class='ocrx_word' id='word_1_16' title='bbox 711 1010 716 1023; x_wconf 85' lang='grc'>’</span> <span class='ocrx_word' id='word_1_17' title='bbox 914 1013 967 1074; x_wconf 92' lang='lat' dir='ltr'><strong>pro</strong></span> <span class='ocrx_word' id='word_1_18' title='bbox 986 1002 1141 1080; x_wconf 77' lang='lat' dir='ltr'><strong>maritagio</strong></span> <span class='ocrx_word' id='word_1_19' title='bbox 1161 1000 1242 1062; x_wconf 86' lang='lat' dir='ltr'><strong>tiliae</strong></span> <span class='ocrx_word' id='word_1_20' title='bbox 1260 1017 1332 1062; x_wconf 88' lang='lat' dir='ltr'><strong>snae</strong></span> <span class='ocrx_word' id='word_1_21' title='bbox 1347 1001 1410 1061; x_wconf 92' lang='lat' dir='ltr'><strong>illio</strong></span> <span class='ocrx_word' id='word_1_22' title='bbox 1430 998 1610 1060; x_wconf 87' lang='lat' dir='ltr'><strong>marchionis</strong></span> <span class='ocrx_word' id='word_1_23' title='bbox 1632 998 1787 1060; x_wconf 80' lang='lat' dir='ltr'><strong>bilenmsie</strong></span> <span class='ocrx_word' id='word_1_24' title='bbox 1809 1013 1904 1074; x_wconf 89' lang='lat' dir='ltr'><strong>copu-</strong></span> 
     </span>
    </p>
   </div>
   <div class='ocr_carea' id='block_1_4' title="bbox 498 1094 1919 4754">
    <p class='ocr_par' dir='ltr' id='par_1_4' title="bbox 914 1094 1904 1158">
     <span class='ocr_line' id='line_1_5' title="bbox 914 1094 1904 1158; baseline 0.002 -4"><span class='ocrx_word' id='word_1_25' title='bbox 914 1094 1032 1158; x_wconf 89' lang='lat' dir='ltr'><strong>landae.</strong></span> <span class='ocrx_word' id='word_1_26' title='bbox 1844 1102 1904 1156; x_wconf 76' lang='lat' dir='ltr'><strong>rit</strong></span> 
     </span>
    </p>

    <p class='ocr_par' dir='ltr' id='par_1_5' title="bbox 502 1184 1907 1350">
     <span class='ocr_line' id='line_1_6' title="bbox 502 1184 1907 1270; baseline 0.005 -26"><span class='ocrx_word' id='word_1_27' title='bbox 502 1184 614 1261; x_wconf 77' lang='lat' dir='ltr'><strong>talen.</strong></span> <span class='ocrx_word' id='word_1_28' title='bbox 682 1184 821 1264; x_wconf 75' lang='lat' dir='ltr'><strong>Foggiaa.</strong></span> <span class='ocrx_word' id='word_1_29' title='bbox 875 1223 915 1236; x_wconf 92' lang='lat'><em>-</em></span> <span class='ocrx_word' id='word_1_30' title='bbox 934 1190 1110 1270; x_wconf 87' lang='lat' dir='ltr'><strong>Paudulpbo</strong></span> <span class='ocrx_word' id='word_1_31' title='bbox 1129 1193 1167 1253; x_wconf 90' lang='lat' dir='ltr'><strong>de</strong></span> <span class='ocrx_word' id='word_1_32' title='bbox 1185 1193 1338 1255; x_wconf 80' lang='lat' dir='ltr'><strong>Fasanella</strong></span> <span class='ocrx_word' id='word_1_33' title='bbox 1357 1193 1473 1270; x_wconf 87' lang='lat' dir='ltr'><strong>imperii</strong></span> <span class='ocrx_word' id='word_1_34' title='bbox 1492 1193 1525 1253; x_wconf 93' lang='lat' dir='ltr'><strong>iu</strong></span> <span class='ocrx_word' id='word_1_35' title='bbox 1545 1191 1653 1253; x_wconf 80' lang='lat' dir='ltr'><strong>Tuscia</strong></span> <span class='ocrx_word' id='word_1_36' title='bbox 1673 1192 1782 1253; x_wconf 85' lang='lat' dir='ltr'><strong>olcnrlo</strong></span> <span class='ocrx_word' id='word_1_37' title='bbox 1804 1191 1907 1252; x_wconf 85' lang='lat' dir='ltr'><strong>scribit</strong></span> 
     </span>
     <span class='ocr_line' id='line_1_7' title="bbox 915 1287 1906 1350; baseline 0.001 -3"><span class='ocrx_word' id='word_1_38' title='bbox 915 1287 1052 1348; x_wconf 75' lang='lat' dir='ltr'><strong>abbatem</strong></span> <span class='ocrx_word' id='word_1_39' title='bbox 1070 1291 1239 1350; x_wconf 86' lang='lat' dir='ltr'><strong>monasterii</strong></span> <span class='ocrx_word' id='word_1_40' title='bbox 1254 1289 1356 1350; x_wconf 73' lang='lat' dir='ltr'><strong>steen</strong></span> <span class='ocrx_word' id='word_1_41' title='bbox 1372 1288 1532 1350; x_wconf 66' lang='lat' dir='ltr'><strong>Salvam</strong></span> <span class='ocrx_word' id='word_1_42' title='bbox 1548 1287 1585 1349; x_wconf 90' lang='lat' dir='ltr'><strong>da</strong></span> <span class='ocrx_word' id='word_1_43' title='bbox 1599 1288 1702 1349; x_wconf 80' lang='lat' dir='ltr'><strong>Monte</strong></span> <span class='ocrx_word' id='word_1_44' title='bbox 1714 1287 1832 1349; x_wconf 75' lang='lat' dir='ltr'><strong>Amiato</strong></span> <span class='ocrx_word' id='word_1_45' title='bbox 1850 1287 1906 1348; x_wconf 87' lang='lat' dir='ltr'><strong>albi</strong></span> 
     </span>
    </p>

    <p class='ocr_par' dir='ltr' id='par_1_6' title="bbox 914 1383 1907 1462">
     <span class='ocr_line' id='line_1_8' title="bbox 914 1383 1907 1462; baseline 0.002 -20"><span class='ocrx_word' id='word_1_46' title='bbox 914 1383 1064 1460; x_wconf 77' lang='lat' dir='ltr'><strong>queremm</strong></span> <span class='ocrx_word' id='word_1_47' title='bbox 1091 1385 1224 1446; x_wconf 86' lang='lat' dir='ltr'><strong>retulisse</strong></span> <span class='ocrx_word' id='word_1_48' title='bbox 1249 1383 1331 1462; x_wconf 83' lang='lat' dir='ltr'><strong>qnod</strong></span> <span class='ocrx_word' id='word_1_49' title='bbox 1353 1385 1416 1460; x_wconf 87' lang='lat' dir='ltr'><strong>ipae</strong></span> <span class='ocrx_word' id='word_1_50' title='bbox 1436 1385 1565 1445; x_wconf 72' lang='lat' dir='ltr'><strong>aleariae</strong></span> <span class='ocrx_word' id='word_1_51' title='bbox 1584 1383 1821 1460; x_wconf 76' lang='lat' dir='ltr'><strong>jurisdictionem</strong></span> <span class='ocrx_word' id='word_1_52' title='bbox 1843 1386 1907 1460; x_wconf 77' lang='lat' dir='ltr'><strong>elus</strong></span> 
     </span>
    </p>

    <p class='ocr_par' dir='ltr' id='par_1_7' title="bbox 915 1481 1908 1561">
     <span class='ocr_line' id='line_1_9' title="bbox 915 1481 1908 1561; baseline 0.001 -21"><span class='ocrx_word' id='word_1_53' title='bbox 915 1487 1017 1542; x_wconf 88' lang='lat' dir='ltr'><strong>contra</strong></span> <span class='ocrx_word' id='word_1_54' title='bbox 1036 1482 1259 1561; x_wconf 76' lang='lat' dir='ltr'><strong>privilegiorum</strong></span> <span class='ocrx_word' id='word_1_55' title='bbox 1279 1482 1474 1558; x_wconf 74' lang='lat' dir='ltr'><strong>imperialium</strong></span> <span class='ocrx_word' id='word_1_56' title='bbox 1497 1487 1629 1542; x_wconf 88' lang='lat' dir='ltr'><strong>tenorem</strong></span> <span class='ocrx_word' id='word_1_57' title='bbox 1647 1481 1802 1558; x_wconf 85' lang='lat' dir='ltr'><strong>impediat,</strong></span> <span class='ocrx_word' id='word_1_58' title='bbox 1822 1484 1908 1558; x_wconf 75' lang='lat' dir='ltr'><strong>dona</strong></span> 
     </span>
    </p>

    <p class='ocr_par' dir='ltr' id='par_1_8' title="bbox 916 1579 1907 1660">
     <span class='ocr_line' id='line_1_10' title="bbox 916 1579 1907 1660; baseline 0 -20"><span class='ocrx_word' id='word_1_59' title='bbox 916 1580 1040 1642; x_wconf 91' lang='lat' dir='ltr'><strong>mandat</strong></span> <span class='ocrx_word' id='word_1_60' title='bbox 1057 1583 1134 1643; x_wconf 87' lang='lat' dir='ltr'><strong>atsi</strong></span> <span class='ocrx_word' id='word_1_61' title='bbox 1152 1597 1199 1642; x_wconf 87' lang='lat' dir='ltr'><strong>res</strong></span> <span class='ocrx_word' id='word_1_62' title='bbox 1221 1584 1264 1642; x_wconf 93' lang='lat' dir='ltr'><strong>ita</strong></span> <span class='ocrx_word' id='word_1_63' title='bbox 1283 1597 1315 1642; x_wconf 84' lang='lat' dir='ltr'><strong>ac</strong></span> <span class='ocrx_word' id='word_1_64' title='bbox 1337 1580 1489 1655; x_wconf 87' lang='lat' dir='ltr'><strong>babuerit,</strong></span> <span class='ocrx_word' id='word_1_65' title='bbox 1510 1581 1637 1660; x_wconf 81' lang='lat' dir='ltr'><strong>querelis</strong></span> <span class='ocrx_word' id='word_1_66' title='bbox 1655 1579 1770 1642; x_wconf 88' lang='lat' dir='ltr'><strong>abbatis</strong></span> <span class='ocrx_word' id='word_1_67' title='bbox 1789 1581 1907 1640; x_wconf 73' lang='lat' dir='ltr'><strong>sansta-</strong></span> 
     </span>
    </p>

    <p class='ocr_par' dir='ltr' id='par_1_9' title="bbox 917 1678 1903 1737">
     <span class='ocr_line' id='line_1_11' title="bbox 917 1678 1903 1737; baseline 0 -1"><span class='ocrx_word' id='word_1_68' title='bbox 917 1678 987 1737; x_wconf 69' lang='grc' dir='ltr'><strong>οἱοὶ.</strong></span> <span class='ocrx_word' id='word_1_69' title='bbox 1846 1685 1903 1736; x_wconf 72' lang='grc'><strong>251</strong></span> 
     </span>
    </p>

    <p class='ocr_par' dir='ltr' id='par_1_10' title="bbox 510 1763 1908 1946">
     <span class='ocr_line' id='line_1_12' title="bbox 510 1763 1908 1851; baseline 0.005 -26"><span class='ocrx_word' id='word_1_70' title='bbox 510 1772 545 1825; x_wconf 87' lang='grc' dir='ltr'><strong>ιο</strong></span> <span class='ocrx_word' id='word_1_71' title='bbox 558 1763 618 1826; x_wconf 86' lang='lat' dir='ltr'><strong>iob.</strong></span> <span class='ocrx_word' id='word_1_72' title='bbox 685 1767 822 1846; x_wconf 78' lang='lat' dir='ltr'><strong>roggiae.</strong></span> <span class='ocrx_word' id='word_1_73' title='bbox 878 1803 917 1817; x_wconf 92' lang='lat'><strong>-—</strong></span> <span class='ocrx_word' id='word_1_74' title='bbox 937 1771 1076 1851; x_wconf 90' lang='lat' dir='ltr'><strong>Pbiilppo</strong></span> <span class='ocrx_word' id='word_1_75' title='bbox 1096 1773 1132 1834; x_wconf 87' lang='lat' dir='ltr'><strong>de</strong></span> <span class='ocrx_word' id='word_1_76' title='bbox 1153 1771 1320 1836; x_wconf 76' lang='lat' dir='ltr'><strong>Brundusio</strong></span> <span class='ocrx_word' id='word_1_77' title='bbox 1343 1773 1438 1850; x_wconf 87' lang='lat' dir='ltr'><strong>Judlci</strong></span> <span class='ocrx_word' id='word_1_78' title='bbox 1459 1774 1492 1834; x_wconf 92' lang='lat' dir='ltr'><strong>in</strong></span> <span class='ocrx_word' id='word_1_79' title='bbox 1516 1771 1659 1833; x_wconf 87' lang='lat' dir='ltr'><strong>vicariatu</strong></span> <span class='ocrx_word' id='word_1_80' title='bbox 1685 1771 1851 1850; x_wconf 85' lang='lat' dir='ltr'><strong>Pandulpbi</strong></span> <span class='ocrx_word' id='word_1_81' title='bbox 1870 1771 1908 1832; x_wconf 86' lang='lat' dir='ltr'><strong>de</strong></span> 
     </span>
     <span class='ocr_line' id='line_1_13' title="bbox 918 1867 1907 1946; baseline 0 -17"><span class='ocrx_word' id='word_1_82' title='bbox 918 1869 1072 1930; x_wconf 81' lang='lat' dir='ltr'><strong>Fasanella</strong></span> <span class='ocrx_word' id='word_1_83' title='bbox 1085 1870 1208 1932; x_wconf 90' lang='lat' dir='ltr'><strong>mandat</strong></span> <span class='ocrx_word' id='word_1_84' title='bbox 1220 1875 1256 1930; x_wconf 90' lang='lat' dir='ltr'><strong>ot</strong></span> <span class='ocrx_word' id='word_1_85' title='bbox 1269 1868 1308 1928; x_wconf 90' lang='lat' dir='ltr'><strong>ad</strong></span> <span class='ocrx_word' id='word_1_86' title='bbox 1322 1870 1543 1946; x_wconf 72' lang='lat' dir='ltr'><strong>requisitionem</strong></span> <span class='ocrx_word' id='word_1_87' title='bbox 1559 1867 1676 1930; x_wconf 86' lang='lat' dir='ltr'><strong>abbatis</strong></span> <span class='ocrx_word' id='word_1_88' title='bbox 1688 1867 1788 1930; x_wconf 89' lang='lat' dir='ltr'><strong>Sancti</strong></span> <span class='ocrx_word' id='word_1_89' title='bbox 1801 1867 1907 1929; x_wconf 85' lang='lat' dir='ltr'><strong>Salva·</strong></span> 
     </span>
    </p>

    <p class='ocr_par' dir='ltr' id='par_1_11' title="bbox 917 1964 1907 2046">
     <span class='ocr_line' id='line_1_14' title="bbox 917 1964 1907 2046; baseline 0.001 -21"><span class='ocrx_word' id='word_1_90' title='bbox 917 1968 990 2026; x_wconf 88' lang='lat' dir='ltr'><strong>toris</strong></span> <span class='ocrx_word' id='word_1_91' title='bbox 1003 1965 1041 2026; x_wconf 90' lang='lat' dir='ltr'><strong>de</strong></span> <span class='ocrx_word' id='word_1_92' title='bbox 1058 1967 1160 2028; x_wconf 81' lang='lat' dir='ltr'><strong>Monte</strong></span> <span class='ocrx_word' id='word_1_93' title='bbox 1173 1967 1309 2046; x_wconf 83' lang='lat' dir='ltr'><strong>Amiato,</strong></span> <span class='ocrx_word' id='word_1_94' title='bbox 1323 1971 1411 2026; x_wconf 85' lang='lat' dir='ltr'><strong>testae</strong></span> <span class='ocrx_word' id='word_1_95' title='bbox 1424 1981 1524 2027; x_wconf 89' lang='lat' dir='ltr'><strong>coram</strong></span> <span class='ocrx_word' id='word_1_96' title='bbox 1540 1967 1685 2026; x_wconf 78' lang='lat' dir='ltr'><strong>revenire</strong></span> <span class='ocrx_word' id='word_1_97' title='bbox 1702 1964 1790 2026; x_wconf 75' lang='lat' dir='ltr'><strong>indat</strong></span> <span class='ocrx_word' id='word_1_98' title='bbox 1803 1971 1834 2026; x_wconf 89' lang='lat' dir='ltr'><strong>et</strong></span> <span class='ocrx_word' id='word_1_99' title='bbox 1850 1982 1907 2026; x_wconf 89' lang='lat' dir='ltr'><strong>au-</strong></span> 
     </span>
    </p>

    <p class='ocr_par' dir='ltr' id='par_1_12' title="bbox 917 2063 1908 2143">
     <span class='ocr_line' id='line_1_15' title="bbox 917 2063 1908 2143; baseline 0 -20"><span class='ocrx_word' id='word_1_100' title='bbox 917 2063 980 2126; x_wconf 90' lang='lat' dir='ltr'><strong>diat</strong></span> <span class='ocrx_word' id='word_1_101' title='bbox 1001 2081 1089 2143; x_wconf 88' lang='lat' dir='ltr'><strong>snper</strong></span> <span class='ocrx_word' id='word_1_102' title='bbox 1116 2065 1250 2127; x_wconf 85' lang='lat' dir='ltr'><strong>articulis</strong></span> <span class='ocrx_word' id='word_1_103' title='bbox 1271 2066 1303 2123; x_wconf 87' lang='lat' dir='ltr'><strong>in</strong></span> <span class='ocrx_word' id='word_1_104' title='bbox 1330 2064 1441 2125; x_wconf 90' lang='lat' dir='ltr'><strong>eisdem</strong></span> <span class='ocrx_word' id='word_1_105' title='bbox 1463 2063 1568 2126; x_wconf 89' lang='lat' dir='ltr'><strong>litteris</strong></span> <span class='ocrx_word' id='word_1_106' title='bbox 1588 2063 1755 2124; x_wconf 71' lang='lat' dir='ltr'><strong>interclusio</strong></span> <span class='ocrx_word' id='word_1_107' title='bbox 1781 2079 1908 2142; x_wconf 87' lang='lat' dir='ltr'><strong>respon-</strong></span> 
     </span>
    </p>

    <p class='ocr_par' dir='ltr' id='par_1_13' title="bbox 918 2164 1908 2218">
     <span class='ocr_line' id='line_1_16' title="bbox 918 2164 1908 2218; baseline -0.001 -1"><span class='ocrx_word' id='word_1_108' title='bbox 918 2173 1014 2218; x_wconf 76' lang='lat' dir='ltr'><strong>suros.</strong></span> <span class='ocrx_word' id='word_1_109' title='bbox 1850 2164 1908 2217; x_wconf 76' lang='lat'><strong>252</strong></span> 
     </span>
    </p>

    <p class='ocr_par' dir='ltr' id='par_1_14' title="bbox 509 2245 1909 2427">
     <span class='ocr_line' id='line_1_17' title="bbox 509 2245 1909 2330; baseline 0.004 -22"><span class='ocrx_word' id='word_1_110' title='bbox 509 2257 545 2308; x_wconf 79' lang='grc' dir='ltr'><strong>ιι</strong></span> <span class='ocrx_word' id='word_1_111' title='bbox 560 2245 621 2308; x_wconf 89' lang='lat' dir='ltr'><strong>ieb.</strong></span> <span class='ocrx_word' id='word_1_112' title='bbox 686 2248 823 2326; x_wconf 71' lang='lat' dir='ltr'><strong>leggiae</strong></span> <span class='ocrx_word' id='word_1_113' title='bbox 879 2283 920 2298; x_wconf 92' lang='lat'>-</span> <span class='ocrx_word' id='word_1_114' title='bbox 938 2253 1083 2315; x_wconf 85' lang='lat' dir='ltr'><strong>lilcberdo</strong></span> <span class='ocrx_word' id='word_1_115' title='bbox 1097 2257 1199 2315; x_wconf 87' lang='lat' dir='ltr'><strong>comiti</strong></span> <span class='ocrx_word' id='word_1_116' title='bbox 1214 2253 1379 2316; x_wconf 77' lang='lat' dir='ltr'><strong>Comrmiaa</strong></span> <span class='ocrx_word' id='word_1_117' title='bbox 1392 2253 1505 2314; x_wconf 76' lang='lat' dir='ltr'><strong>sommo</strong></span> <span class='ocrx_word' id='word_1_118' title='bbox 1518 2267 1572 2313; x_wconf 89' lang='lat' dir='ltr'><strong>suo</strong></span> <span class='ocrx_word' id='word_1_119' title='bbox 1583 2253 1703 2314; x_wconf 86' lang='lat' dir='ltr'><strong>nuntiet</strong></span> <span class='ocrx_word' id='word_1_120' title='bbox 1719 2267 1797 2330; x_wconf 83' lang='lat' dir='ltr'><strong>qnae</strong></span> <span class='ocrx_word' id='word_1_121' title='bbox 1811 2251 1909 2313; x_wconf 86' lang='lat' dir='ltr'><strong>clades</strong></span> 
     </span>
     <span class='ocr_line' id='line_1_18' title="bbox 919 2349 1907 2427; baseline -0.002 -15"><span class='ocrx_word' id='word_1_122' title='bbox 919 2351 952 2412; x_wconf 90' lang='lat' dir='ltr'><strong>iu</strong></span> <span class='ocrx_word' id='word_1_123' title='bbox 969 2350 1061 2411; x_wconf 84' lang='lat' dir='ltr'><strong>Terra</strong></span> <span class='ocrx_word' id='word_1_124' title='bbox 1077 2350 1186 2412; x_wconf 84' lang='lat' dir='ltr'><strong>Sancta</strong></span> <span class='ocrx_word' id='word_1_125' title='bbox 1199 2352 1375 2412; x_wconf 88' lang='lat' dir='ltr'><strong>christianos</strong></span> <span class='ocrx_word' id='word_1_126' title='bbox 1388 2351 1544 2424; x_wconf 84' lang='lat' dir='ltr'><strong>aidlxerii,</strong></span> <span class='ocrx_word' id='word_1_127' title='bbox 1559 2351 1663 2412; x_wconf 87' lang='lat' dir='ltr'><strong>dolens</strong></span> <span class='ocrx_word' id='word_1_128' title='bbox 1676 2350 1713 2410; x_wconf 93' lang='lat' dir='ltr'><strong>de</strong></span> <span class='ocrx_word' id='word_1_129' title='bbox 1726 2349 1907 2427; x_wconf 75' lang='lat' dir='ltr'><strong>&#39;templario-</strong></span> 
     </span>
    </p>

    <p class='ocr_par' dir='ltr' id='par_1_15' title="bbox 919 2447 1910 2525">
     <span class='ocr_line' id='line_1_19' title="bbox 919 2447 1910 2525; baseline 0 -16"><span class='ocrx_word' id='word_1_130' title='bbox 919 2463 986 2509; x_wconf 85' lang='lat' dir='ltr'><strong>rum</strong></span> <span class='ocrx_word' id='word_1_131' title='bbox 1006 2455 1037 2509; x_wconf 92' lang='lat' dir='ltr'><strong>et</strong></span> <span class='ocrx_word' id='word_1_132' title='bbox 1049 2447 1195 2510; x_wconf 88' lang='lat' dir='ltr'><strong>baronum</strong></span> <span class='ocrx_word' id='word_1_133' title='bbox 1213 2449 1321 2510; x_wconf 82' lang='lat' dir='ltr'><strong>Terrae</strong></span> <span class='ocrx_word' id='word_1_134' title='bbox 1339 2448 1552 2524; x_wconf 79' lang='lat' dir='ltr'><strong>imprudentia,</strong></span> <span class='ocrx_word' id='word_1_135' title='bbox 1571 2454 1602 2509; x_wconf 90' lang='lat' dir='ltr'><strong>et</strong></span> <span class='ocrx_word' id='word_1_136' title='bbox 1616 2447 1697 2525; x_wconf 85' lang='lat' dir='ltr'><strong>qnod</strong></span> <span class='ocrx_word' id='word_1_137' title='bbox 1718 2461 1815 2524; x_wconf 76' lang='lat' dir='ltr'><strong>naqm</strong></span> <span class='ocrx_word' id='word_1_138' title='bbox 1835 2447 1910 2509; x_wconf 86' lang='lat' dir='ltr'><strong>Gre-</strong></span> 
     </span>
    </p>

    <p class='ocr_par' dir='ltr' id='par_1_16' title="bbox 920 2543 1908 2625">
     <span class='ocr_line' id='line_1_20' title="bbox 920 2543 1908 2625; baseline -0.002 -19"><span class='ocrx_word' id='word_1_139' title='bbox 920 2548 1019 2624; x_wconf 84' lang='lat' dir='ltr'><strong>gorius</strong></span> <span class='ocrx_word' id='word_1_140' title='bbox 1032 2561 1108 2622; x_wconf 89' lang='lat' dir='ltr'><strong>papa</strong></span> <span class='ocrx_word' id='word_1_141' title='bbox 1120 2563 1215 2625; x_wconf 85' lang='lat' dir='ltr'><strong>neque</strong></span> <span class='ocrx_word' id='word_1_142' title='bbox 1232 2547 1422 2608; x_wconf 87' lang='lat' dir='ltr'><strong>Innocentius</strong></span> <span class='ocrx_word' id='word_1_143' title='bbox 1435 2545 1598 2607; x_wconf 85' lang='lat' dir='ltr'><strong>subsidium</strong></span> <span class='ocrx_word' id='word_1_144' title='bbox 1612 2559 1630 2604; x_wconf 92' lang='lat' dir='ltr'><strong>a</strong></span> <span class='ocrx_word' id='word_1_145' title='bbox 1647 2560 1679 2605; x_wconf 87' lang='lat' dir='ltr'><strong>ee</strong></span> <span class='ocrx_word' id='word_1_146' title='bbox 1698 2545 1761 2622; x_wconf 87' lang='lat' dir='ltr'><strong>ipso</strong></span> <span class='ocrx_word' id='word_1_147' title='bbox 1778 2543 1908 2604; x_wconf 73' lang='lat' dir='ltr'><strong>obianum</strong></span> 
     </span>
    </p>

    <p class='ocr_par' dir='ltr' id='par_1_17' title="bbox 920 2644 1910 2720">
     <span class='ocr_line' id='line_1_21' title="bbox 920 2644 1910 2720; baseline -0.003 -16"><span class='ocrx_word' id='word_1_148' title='bbox 920 2646 1049 2720; x_wconf 86' lang='lat' dir='ltr'><strong>accipere</strong></span> <span class='ocrx_word' id='word_1_149' title='bbox 1062 2644 1220 2705; x_wconf 78' lang='lat' dir='ltr'><strong>voluerint.</strong></span> <span class='ocrx_word' id='word_1_150' title='bbox 1851 2648 1910 2702; x_wconf 78' lang='lat' dir='ltr'><strong>iti</strong></span> 
     </span>
    </p>

    <p class='ocr_par' dir='ltr' id='par_1_18' title="bbox 505 2736 1911 2915">
     <span class='ocr_line' id='line_1_22' title="bbox 505 2736 1911 2819; baseline -0.003 -17"><span class='ocrx_word' id='word_1_151' title='bbox 505 2742 631 2803; x_wconf 78' lang='lat' dir='ltr'><strong>februar.</strong></span> <span class='ocrx_word' id='word_1_152' title='bbox 687 2738 826 2817; x_wconf 75' lang='lat' dir='ltr'><strong>roggiee.</strong></span> <span class='ocrx_word' id='word_1_153' title='bbox 881 2771 922 2786; x_wconf 95' lang='lat'>-</span> <span class='ocrx_word' id='word_1_154' title='bbox 940 2741 1102 2802; x_wconf 77' lang='lat' dir='ltr'><strong>lleudcum</strong></span> <span class='ocrx_word' id='word_1_155' title='bbox 1114 2743 1152 2802; x_wconf 89' lang='lat' dir='ltr'><strong>da</strong></span> <span class='ocrx_word' id='word_1_156' title='bbox 1164 2741 1367 2819; x_wconf 78' lang='lat' dir='ltr'><strong>Sebnnmberg</strong></span> <span class='ocrx_word' id='word_1_157' title='bbox 1379 2739 1599 2802; x_wconf 73' lang='lat' dir='ltr'><strong>ministerialem</strong></span> <span class='ocrx_word' id='word_1_158' title='bbox 1612 2755 1701 2800; x_wconf 86' lang='lat' dir='ltr'><strong>anum</strong></span> <span class='ocrx_word' id='word_1_159' title='bbox 1715 2736 1834 2799; x_wconf 84' lang='lat' dir='ltr'><strong>attilius</strong></span> <span class='ocrx_word' id='word_1_160' title='bbox 1846 2742 1911 2816; x_wconf 74' lang='lat' dir='ltr'><strong>elne</strong></span> 
     </span>
     <span class='ocr_line' id='line_1_23' title="bbox 921 2837 1910 2915; baseline -0.001 -17"><span class='ocrx_word' id='word_1_161' title='bbox 921 2853 989 2898; x_wconf 90' lang='lat' dir='ltr'><strong>cum</strong></span> <span class='ocrx_word' id='word_1_162' title='bbox 1003 2838 1140 2900; x_wconf 90' lang='lat' dir='ltr'><strong>omnibus</strong></span> <span class='ocrx_word' id='word_1_163' title='bbox 1152 2855 1255 2900; x_wconf 86' lang='lat' dir='ltr'><strong>eorum</strong></span> <span class='ocrx_word' id='word_1_164' title='bbox 1270 2839 1357 2900; x_wconf 89' lang='lat' dir='ltr'><strong>bonis</strong></span> <span class='ocrx_word' id='word_1_165' title='bbox 1367 2838 1424 2899; x_wconf 86' lang='lat' dir='ltr'><strong>sub</strong></span> <span class='ocrx_word' id='word_1_166' title='bbox 1436 2855 1491 2899; x_wconf 86' lang='lat' dir='ltr'><strong>sna</strong></span> <span class='ocrx_word' id='word_1_167' title='bbox 1502 2838 1682 2915; x_wconf 85' lang='lat' dir='ltr'><strong>protectione</strong></span> <span class='ocrx_word' id='word_1_168' title='bbox 1695 2837 1809 2912; x_wconf 85' lang='lat' dir='ltr'><strong>recipit.</strong></span> <span class='ocrx_word' id='word_1_169' title='bbox 1852 2844 1910 2897; x_wconf 78' lang='lat' dir='ltr'><strong>ita</strong></span> 
     </span>
    </p>

    <p class='ocr_par' dir='ltr' id='par_1_19' title="bbox 498 2933 1914 3208">
     <span class='ocr_line' id='line_1_24' title="bbox 527 2933 1911 3014; baseline -0.001 -18"><span class='ocrx_word' id='word_1_170' title='bbox 527 2935 611 3014; x_wconf 83' lang='lat' dir='ltr'><strong>[febr.</strong></span> <span class='ocrx_word' id='word_1_171' title='bbox 650 2975 660 2994; x_wconf 90' lang='lat'><strong>.</strong></span> <span class='ocrx_word' id='word_1_172' title='bbox 691 2974 866 2994; x_wconf 86' lang='grc'><strong>......</strong></span> <span class='ocrx_word' id='word_1_173' title='bbox 883 2964 922 2979; x_wconf 91' lang='grc'>-</span> <span class='ocrx_word' id='word_1_174' title='bbox 942 2933 1132 3012; x_wconf 75' lang='lat' dir='ltr'><strong>Magnetibus</strong></span> <span class='ocrx_word' id='word_1_175' title='bbox 1150 2937 1232 3013; x_wconf 72' lang='lat' dir='ltr'><strong>regni</strong></span> <span class='ocrx_word' id='word_1_176' title='bbox 1250 2934 1375 3013; x_wconf 82' lang='lat' dir='ltr'><strong>Augilae</strong></span> <span class='ocrx_word' id='word_1_177' title='bbox 1394 2934 1497 2996; x_wconf 86' lang='lat' dir='ltr'><strong>scribit</strong></span> <span class='ocrx_word' id='word_1_178' title='bbox 1510 2933 1547 2995; x_wconf 91' lang='lat' dir='ltr'><strong>de</strong></span> <span class='ocrx_word' id='word_1_179' title='bbox 1561 2935 1678 3011; x_wconf 81' lang='lat' dir='ltr'><strong>lustitia</strong></span> <span class='ocrx_word' id='word_1_180' title='bbox 1698 2947 1803 2993; x_wconf 85' lang='lat' dir='ltr'><strong>causae</strong></span> <span class='ocrx_word' id='word_1_181' title='bbox 1824 2947 1911 3004; x_wconf 84' lang='lat' dir='ltr'><strong>auae,</strong></span> 
     </span>
     <span class='ocr_line' id='line_1_25' title="bbox 498 3028 1914 3109; baseline -0.004 -15"><span class='ocrx_word' id='word_1_182' title='bbox 498 3032 636 3109; x_wconf 80' lang='lat' dir='ltr'><strong>exeunt]</strong></span> <span class='ocrx_word' id='word_1_183' title='bbox 921 3029 1172 3106; x_wconf 86' lang='lat' dir='ltr'><strong>deprecananeiu</strong></span> <span class='ocrx_word' id='word_1_184' title='bbox 1183 3049 1271 3093; x_wconf 85' lang='lat' dir='ltr'><strong>suum</strong></span> <span class='ocrx_word' id='word_1_185' title='bbox 1284 3033 1491 3094; x_wconf 87' lang='lat' dir='ltr'><strong>detrimentum</strong></span> <span class='ocrx_word' id='word_1_186' title='bbox 1504 3047 1596 3108; x_wconf 88' lang='lat' dir='ltr'><strong>papae</strong></span> <span class='ocrx_word' id='word_1_187' title='bbox 1606 3029 1723 3090; x_wconf 90' lang='lat' dir='ltr'><strong>aemulo</strong></span> <span class='ocrx_word' id='word_1_188' title='bbox 1734 3028 1914 3106; x_wconf 83' lang='lat' dir='ltr'><strong>snoabquid</strong></span> 
     </span>
     <span class='ocr_line' id='line_1_26' title="bbox 922 3128 1913 3208; baseline -0.003 -19"><span class='ocrx_word' id='word_1_189' title='bbox 922 3128 1124 3204; x_wconf 76' lang='lat' dir='ltr'><strong>conblbuant,</strong></span> <span class='ocrx_word' id='word_1_190' title='bbox 1145 3130 1339 3208; x_wconf 88' lang='lat' dir='ltr'><strong>horteturque</strong></span> <span class='ocrx_word' id='word_1_191' title='bbox 1360 3133 1517 3208; x_wconf 73' lang='lat' dir='ltr'><strong>otingam</strong></span> <span class='ocrx_word' id='word_1_192' title='bbox 1539 3129 1740 3190; x_wconf 83' lang='lat' dir='ltr'><strong>Romanorum</strong></span> <span class='ocrx_word' id='word_1_193' title='bbox 1759 3141 1779 3188; x_wconf 90' lang='lat' dir='ltr'><strong>a</strong></span> <span class='ocrx_word' id='word_1_194' title='bbox 1798 3141 1831 3187; x_wconf 90' lang='lat' dir='ltr'><strong>ee</strong></span> <span class='ocrx_word' id='word_1_195' title='bbox 1849 3128 1913 3186; x_wconf 84' lang='lat' dir='ltr'><strong>exi·</strong></span> 
     </span>
    </p>

    <p class='ocr_par' dir='ltr' id='par_1_20' title="bbox 922 3229 1913 3285">
     <span class='ocr_line' id='line_1_27' title="bbox 922 3229 1913 3285; baseline -0.001 -1"><span class='ocrx_word' id='word_1_196' title='bbox 922 3231 1017 3285; x_wconf 84' lang='lat' dir='ltr'><strong>mant.</strong></span> <span class='ocrx_word' id='word_1_197' title='bbox 1855 3229 1913 3283; x_wconf 79' lang='lat'><strong>260</strong></span> 
     </span>
    </p>

    <p class='ocr_par' dir='ltr' id='par_1_21' title="bbox 499 3319 1915 3785">
     <span class='ocr_line' id='line_1_28' title="bbox 528 3319 1914 3400; baseline -0.001 -20"><span class='ocrx_word' id='word_1_198' title='bbox 528 3319 612 3400; x_wconf 88' lang='lat' dir='ltr'><strong>[iebr.</strong></span> <span class='ocrx_word' id='word_1_199' title='bbox 655 3360 664 3378; x_wconf 89' lang='lat'><strong><em>.</em></strong></span> <span class='ocrx_word' id='word_1_200' title='bbox 694 3360 703 3381; x_wconf 85' lang='lat'><strong>.</strong></span> <span class='ocrx_word' id='word_1_201' title='bbox 727 3360 736 3380; x_wconf 90' lang='lat'><strong>.</strong></span> <span class='ocrx_word' id='word_1_202' title='bbox 761 3362 770 3382; x_wconf 90' lang='lat'><strong>.</strong></span> <span class='ocrx_word' id='word_1_203' title='bbox 793 3359 803 3380; x_wconf 89' lang='lat'><strong>.</strong></span> <span class='ocrx_word' id='word_1_204' title='bbox 827 3361 835 3380; x_wconf 85' lang='lat'><em>.</em></span> <span class='ocrx_word' id='word_1_205' title='bbox 859 3350 924 3382; x_wconf 88' lang='lat'><strong>.-</strong></span> <span class='ocrx_word' id='word_1_206' title='bbox 943 3319 1093 3380; x_wconf 85' lang='lat' dir='ltr'><strong>Ludovico</strong></span> <span class='ocrx_word' id='word_1_207' title='bbox 1110 3319 1290 3382; x_wconf 71' lang='lat' dir='ltr'><strong>Francorum</strong></span> <span class='ocrx_word' id='word_1_208' title='bbox 1307 3321 1369 3400; x_wconf 78' lang='lat' dir='ltr'><strong>regi</strong></span> <span class='ocrx_word' id='word_1_209' title='bbox 1388 3320 1554 3400; x_wconf 79' lang='lat' dir='ltr'><strong>congaudet</strong></span> <span class='ocrx_word' id='word_1_210' title='bbox 1575 3320 1657 3398; x_wconf 84' lang='lat' dir='ltr'><strong>qnod</strong></span> <span class='ocrx_word' id='word_1_211' title='bbox 1673 3324 1823 3396; x_wconf 84' lang='lat' dir='ltr'><strong>resumpta</strong></span> <span class='ocrx_word' id='word_1_212' title='bbox 1843 3335 1914 3380; x_wconf 89' lang='lat' dir='ltr'><strong>cor-</strong></span> 
     </span>
     <span class='ocr_line' id='line_1_29' title="bbox 506 3413 1915 3501; baseline -0.001 -24"><span class='ocrx_word' id='word_1_213' title='bbox 506 3413 640 3501; x_wconf 79' lang='lat' dir='ltr'><strong>exeant.]</strong></span> <span class='ocrx_word' id='word_1_214' title='bbox 924 3419 1003 3492; x_wconf 86' lang='lat' dir='ltr'><strong>poris</strong></span> <span class='ocrx_word' id='word_1_215' title='bbox 1029 3418 1172 3492; x_wconf 76' lang='lat' dir='ltr'><strong>amiato,</strong></span> <span class='ocrx_word' id='word_1_216' title='bbox 1198 3433 1316 3478; x_wconf 77' lang='lat' dir='ltr'><strong>mucam</strong></span> <span class='ocrx_word' id='word_1_217' title='bbox 1343 3419 1486 3496; x_wconf 84' lang='lat' dir='ltr'><strong>receperit</strong></span> <span class='ocrx_word' id='word_1_218' title='bbox 1511 3421 1542 3478; x_wconf 88' lang='lat' dir='ltr'><strong>et</strong></span> <span class='ocrx_word' id='word_1_219' title='bbox 1565 3418 1598 3477; x_wconf 93' lang='lat' dir='ltr'><strong>ln</strong></span> <span class='ocrx_word' id='word_1_220' title='bbox 1620 3415 1819 3478; x_wconf 78' lang='lat' dir='ltr'><strong>defensionem</strong></span> <span class='ocrx_word' id='word_1_221' title='bbox 1844 3414 1915 3478; x_wconf 87' lang='lat' dir='ltr'><strong>ildei</strong></span> 
     </span>
     <span class='ocr_line' id='line_1_30' title="bbox 499 3514 1910 3593; baseline 0.004 -23"><span class='ocrx_word' id='word_1_222' title='bbox 499 3561 501 3570; x_wconf 93' lang='lat'><em>.</em></span> <span class='ocrx_word' id='word_1_223' title='bbox 819 3567 821 3572; x_wconf 83' lang='grc'>.</span> <span class='ocrx_word' id='word_1_224' title='bbox 924 3527 1021 3574; x_wconf 80' lang='lat' dir='ltr'><strong>novun</strong></span> <span class='ocrx_word' id='word_1_225' title='bbox 1033 3514 1115 3592; x_wconf 79' lang='lat' dir='ltr'><strong>pugil</strong></span> <span class='ocrx_word' id='word_1_226' title='bbox 1129 3516 1275 3593; x_wconf 82' lang='lat' dir='ltr'><strong>insurgat.</strong></span> <span class='ocrx_word' id='word_1_227' title='bbox 1855 3522 1910 3575; x_wconf 78' lang='lat' dir='ltr'><strong>tui</strong></span> 
     </span>
     <span class='ocr_line' id='line_1_31' title="bbox 512 3607 1914 3688; baseline 0.001 -16"><span class='ocrx_word' id='word_1_228' title='bbox 512 3611 629 3672; x_wconf 88' lang='lat' dir='ltr'><strong>martio.</strong></span> <span class='ocrx_word' id='word_1_229' title='bbox 693 3607 830 3688; x_wconf 74' lang='lat' dir='ltr'><strong>Poggiae.</strong></span> <span class='ocrx_word' id='word_1_230' title='bbox 885 3609 993 3670; x_wconf 82' lang='lat' dir='ltr'><strong>-Ad</strong></span> <span class='ocrx_word' id='word_1_231' title='bbox 1016 3611 1259 3688; x_wconf 81' lang='lat' dir='ltr'><strong>supplicationem</strong></span> <span class='ocrx_word' id='word_1_232' title='bbox 1281 3611 1400 3672; x_wconf 88' lang='lat' dir='ltr'><strong>ilenrici</strong></span> <span class='ocrx_word' id='word_1_233' title='bbox 1421 3611 1581 3672; x_wconf 85' lang='lat' dir='ltr'><strong>biisuenois</strong></span> <span class='ocrx_word' id='word_1_234' title='bbox 1604 3617 1635 3672; x_wconf 91' lang='lat' dir='ltr'><strong>et</strong></span> <span class='ocrx_word' id='word_1_235' title='bbox 1655 3611 1813 3674; x_wconf 78' lang='lat' dir='ltr'><strong>orientalia</strong></span> <span class='ocrx_word' id='word_1_236' title='bbox 1834 3629 1914 3674; x_wconf 90' lang='lat' dir='ltr'><strong>mar-</strong></span> 
     </span>
     <span class='ocr_line' id='line_1_32' title="bbox 926 3707 1915 3785; baseline 0.002 -17"><span class='ocrx_word' id='word_1_237' title='bbox 926 3707 1050 3780; x_wconf 89' lang='lat' dir='ltr'><strong>cbiouie,</strong></span> <span class='ocrx_word' id='word_1_238' title='bbox 1061 3708 1245 3770; x_wconf 86' lang='lat' dir='ltr'><strong>collationem</strong></span> <span class='ocrx_word' id='word_1_239' title='bbox 1259 3724 1312 3785; x_wconf 90' lang='lat' dir='ltr'><strong>per</strong></span> <span class='ocrx_word' id='word_1_240' title='bbox 1320 3711 1418 3785; x_wconf 88' lang='lat' dir='ltr'><strong>ipsum</strong></span> <span class='ocrx_word' id='word_1_241' title='bbox 1429 3711 1605 3770; x_wconf 84' lang='lat' dir='ltr'><strong>monasterio</strong></span> <span class='ocrx_word' id='word_1_242' title='bbox 1618 3708 1744 3772; x_wconf 75' lang='lat' dir='ltr'><strong>cellensi</strong></span> <span class='ocrx_word' id='word_1_243' title='bbox 1755 3709 1864 3771; x_wconf 86' lang='lat' dir='ltr'><strong>iactam</strong></span> <span class='ocrx_word' id='word_1_244' title='bbox 1877 3710 1915 3771; x_wconf 91' lang='lat' dir='ltr'><strong>de</strong></span> 
     </span>
    </p>

    <p class='ocr_par' dir='ltr' id='par_1_22' title="bbox 926 3805 1914 3887">
     <span class='ocr_line' id='line_1_33' title="bbox 926 3805 1914 3887; baseline 0.004 -23"><span class='ocrx_word' id='word_1_245' title='bbox 926 3805 997 3865; x_wconf 79' lang='lat' dir='ltr'><strong>oilla</strong></span> <span class='ocrx_word' id='word_1_246' title='bbox 1010 3806 1175 3880; x_wconf 74' lang='lat' dir='ltr'><strong>Nisaeum,</strong></span> <span class='ocrx_word' id='word_1_247' title='bbox 1191 3806 1229 3867; x_wconf 87' lang='lat' dir='ltr'><strong>de</strong></span> <span class='ocrx_word' id='word_1_248' title='bbox 1239 3806 1414 3868; x_wconf 89' lang='lat' dir='ltr'><strong>molendinis</strong></span> <span class='ocrx_word' id='word_1_249' title='bbox 1426 3809 1459 3868; x_wconf 90' lang='lat' dir='ltr'><strong>ln</strong></span> <span class='ocrx_word' id='word_1_250' title='bbox 1469 3807 1626 3887; x_wconf 69' lang='lat' dir='ltr'><strong>(luminis,</strong></span> <span class='ocrx_word' id='word_1_251' title='bbox 1639 3815 1711 3884; x_wconf 76' lang='lat' dir='ltr'><strong>eta,</strong></span> <span class='ocrx_word' id='word_1_252' title='bbox 1726 3813 1756 3868; x_wconf 88' lang='lat' dir='ltr'><strong>et</strong></span> <span class='ocrx_word' id='word_1_253' title='bbox 1770 3807 1914 3884; x_wconf 81' lang='lat' dir='ltr'><strong>qumdam</strong></span> 
     </span>
    </p>

    <p class='ocr_par' dir='ltr' id='par_1_23' title="bbox 927 3900 1914 3980">
     <span class='ocr_line' id='line_1_34' title="bbox 927 3900 1914 3980; baseline 0.005 -21"><span class='ocrx_word' id='word_1_254' title='bbox 927 3903 1087 3977; x_wconf 82' lang='lat' dir='ltr'><strong>emptiones</strong></span> <span class='ocrx_word' id='word_1_255' title='bbox 1106 3900 1261 3964; x_wconf 89' lang='lat' dir='ltr'><strong>abeodem</strong></span> <span class='ocrx_word' id='word_1_256' title='bbox 1280 3904 1458 3963; x_wconf 88' lang='lat' dir='ltr'><strong>monasterio</strong></span> <span class='ocrx_word' id='word_1_257' title='bbox 1471 3902 1580 3980; x_wconf 88' lang='lat' dir='ltr'><strong>iactas,</strong></span> <span class='ocrx_word' id='word_1_258' title='bbox 1594 3907 1674 3964; x_wconf 88' lang='lat' dir='ltr'><strong>ratas</strong></span> <span class='ocrx_word' id='word_1_259' title='bbox 1689 3902 1779 3964; x_wconf 85' lang='lat' dir='ltr'><strong>babet</strong></span> <span class='ocrx_word' id='word_1_260' title='bbox 1792 3909 1823 3964; x_wconf 89' lang='lat' dir='ltr'><strong>ei</strong></span> <span class='ocrx_word' id='word_1_261' title='bbox 1840 3919 1914 3964; x_wconf 90' lang='lat' dir='ltr'><strong>eon·</strong></span> 
     </span>
    </p>

    <p class='ocr_par' dir='ltr' id='par_1_24' title="bbox 926 3994 1915 4061">
     <span class='ocr_line' id='line_1_35' title="bbox 926 3994 1915 4061; baseline 0.006 -6"><span class='ocrx_word' id='word_1_262' title='bbox 926 3994 1036 4056; x_wconf 78' lang='lat' dir='ltr'><strong>firmat.</strong></span> <span class='ocrx_word' id='word_1_263' title='bbox 1707 4049 1711 4060; x_wconf 91' lang='grc'><strong>.</strong></span> <span class='ocrx_word' id='word_1_264' title='bbox 1857 4007 1915 4061; x_wconf 74' lang='grc'><strong>262</strong></span> 
     </span>
    </p>

    <p class='ocr_par' dir='ltr' id='par_1_25' title="bbox 514 4088 1917 4272">
     <span class='ocr_line' id='line_1_36' title="bbox 514 4088 1917 4170; baseline 0.005 -19"><span class='ocrx_word' id='word_1_265' title='bbox 514 4091 630 4152; x_wconf 80' lang='grc' dir='ltr'>ιιιιιιιο.</span> <span class='ocrx_word' id='word_1_266' title='bbox 695 4088 832 4169; x_wconf 79' lang='lat' dir='ltr'><strong>Poggine.</strong></span> <span class='ocrx_word' id='word_1_267' title='bbox 888 4123 928 4138; x_wconf 90' lang='lat'>-</span> <span class='ocrx_word' id='word_1_268' title='bbox 949 4093 998 4154; x_wconf 83' lang='lat' dir='ltr'><strong>Ad</strong></span> <span class='ocrx_word' id='word_1_269' title='bbox 1010 4093 1251 4170; x_wconf 75' lang='lat' dir='ltr'><strong>supplicationem</strong></span> <span class='ocrx_word' id='word_1_270' title='bbox 1264 4096 1383 4157; x_wconf 78' lang='lat' dir='ltr'><strong>limeret</strong></span> <span class='ocrx_word' id='word_1_271' title='bbox 1396 4097 1553 4158; x_wconf 81' lang='lat' dir='ltr'><strong>Mlsneneia</strong></span> <span class='ocrx_word' id='word_1_272' title='bbox 1565 4095 1762 4158; x_wconf 81' lang='lat' dir='ltr'><strong>etOrdentalis</strong></span> <span class='ocrx_word' id='word_1_273' title='bbox 1771 4095 1917 4158; x_wconf 89' lang='lat' dir='ltr'><strong>marcbio·</strong></span> 
     </span>
     <span class='ocr_line' id='line_1_37' title="bbox 927 4189 1917 4272; baseline 0.005 -23"><span class='ocrx_word' id='word_1_274' title='bbox 927 4190 988 4262; x_wconf 86' lang='lat' dir='ltr'><strong>nin,</strong></span> <span class='ocrx_word' id='word_1_275' title='bbox 1002 4193 1180 4252; x_wconf 87' lang='lat' dir='ltr'><strong>monasterio</strong></span> <span class='ocrx_word' id='word_1_276' title='bbox 1195 4191 1233 4252; x_wconf 87' lang='lat' dir='ltr'><strong>de</strong></span> <span class='ocrx_word' id='word_1_277' title='bbox 1245 4189 1329 4254; x_wconf 89' lang='lat' dir='ltr'><strong>Bneb</strong></span> <span class='ocrx_word' id='word_1_278' title='bbox 1342 4192 1543 4256; x_wconf 87' lang='lat' dir='ltr'><strong>Gistarcleuris</strong></span> <span class='ocrx_word' id='word_1_279' title='bbox 1555 4194 1666 4254; x_wconf 87' lang='lat' dir='ltr'><strong>ordinis</strong></span> <span class='ocrx_word' id='word_1_280' title='bbox 1679 4193 1826 4272; x_wconf 76' lang='lat' dir='ltr'><strong>quidquid</strong></span> <span class='ocrx_word' id='word_1_281' title='bbox 1838 4195 1917 4255; x_wconf 89' lang='lat' dir='ltr'><strong>idam</strong></span> 
     </span>
    </p>

    <p class='ocr_par' dir='ltr' id='par_1_26' title="bbox 926 4287 1919 4368">
     <span class='ocr_line' id='line_1_38' title="bbox 926 4287 1919 4368; baseline 0.007 -24"><span class='ocrx_word' id='word_1_282' title='bbox 926 4287 1137 4347; x_wconf 85' lang='lat' dir='ltr'><strong>monasterium</strong></span> <span class='ocrx_word' id='word_1_283' title='bbox 1154 4287 1193 4348; x_wconf 91' lang='lat' dir='ltr'><strong>ab</strong></span> <span class='ocrx_word' id='word_1_284' title='bbox 1210 4289 1276 4366; x_wconf 89' lang='lat' dir='ltr'><strong>ipso</strong></span> <span class='ocrx_word' id='word_1_285' title='bbox 1293 4290 1478 4364; x_wconf 75' lang='grc' dir='ltr'>ιιιιιιιιιοιιι,</span> <span class='ocrx_word' id='word_1_286' title='bbox 1493 4290 1531 4351; x_wconf 88' lang='lat' dir='ltr'><strong>nb</strong></span> <span class='ocrx_word' id='word_1_287' title='bbox 1543 4290 1673 4352; x_wconf 90' lang='lat' dir='ltr'><strong>llenrico</strong></span> <span class='ocrx_word' id='word_1_288' title='bbox 1689 4289 1841 4368; x_wconf 81' lang='lat' dir='ltr'><strong>qnoan</strong></span> <span class='ocrx_word' id='word_1_289' title='bbox 1856 4289 1919 4351; x_wconf 84' lang='lat' dir='ltr'><strong>ao-</strong></span> 
     </span>
    </p>

    <p class='ocr_par' dir='ltr' id='par_1_27' title="bbox 927 4384 1919 4558">
     <span class='ocr_line' id='line_1_39' title="bbox 927 4384 1919 4464; baseline 0.005 -23"><span class='ocrx_word' id='word_1_290' title='bbox 927 4396 1084 4442; x_wconf 89' lang='lat' dir='ltr'><strong>manorum</strong></span> <span class='ocrx_word' id='word_1_291' title='bbox 1101 4399 1169 4461; x_wconf 77' lang='lat' dir='ltr'><strong>rege</strong></span> <span class='ocrx_word' id='word_1_292' title='bbox 1187 4390 1217 4445; x_wconf 89' lang='lat' dir='ltr'><strong>et</strong></span> <span class='ocrx_word' id='word_1_293' title='bbox 1230 4401 1249 4444; x_wconf 88' lang='lat' dir='ltr'><strong>a</strong></span> <span class='ocrx_word' id='word_1_294' title='bbox 1262 4385 1397 4462; x_wconf 88' lang='lat' dir='ltr'><strong>pluribus</strong></span> <span class='ocrx_word' id='word_1_295' title='bbox 1413 4387 1480 4447; x_wconf 91' lang='lat' dir='ltr'><strong>aliie</strong></span> <span class='ocrx_word' id='word_1_296' title='bbox 1497 4384 1663 4448; x_wconf 88' lang='lat' dir='ltr'><strong>donationis</strong></span> <span class='ocrx_word' id='word_1_297' title='bbox 1673 4387 1746 4447; x_wconf 77' lang='lat' dir='ltr'><strong>‚sive</strong></span> <span class='ocrx_word' id='word_1_298' title='bbox 1762 4385 1919 4464; x_wconf 69' lang='lat' dir='ltr'><strong>nptionis</strong></span> 
     </span>
     <span class='ocr_line' id='line_1_40' title="bbox 928 4477 1916 4558; baseline 0.004 -21"><span class='ocrx_word' id='word_1_299' title='bbox 928 4477 1658 4558; x_wconf 87' lang='lat' dir='ltr'><strong>tltnlocomparavit‚ratambabetetoondrmnt.</strong></span> <span class='ocrx_word' id='word_1_300' title='bbox 1857 4489 1916 4542; x_wconf 79' lang='lat' dir='ltr'><strong>iti</strong></span> 
     </span>
    </p>

    <p class='ocr_par' dir='ltr' id='par_1_28' title="bbox 521 4568 1916 4754">
     <span class='ocr_line' id='line_1_41' title="bbox 521 4568 1916 4656; baseline 0.005 -25"><span class='ocrx_word' id='word_1_301' title='bbox 521 4568 631 4649; x_wconf 81' lang='lat' dir='ltr'><strong>[mart]</strong></span> <span class='ocrx_word' id='word_1_302' title='bbox 660 4610 873 4632; x_wconf 88' lang='grc'><strong>.......</strong></span> <span class='ocrx_word' id='word_1_303' title='bbox 888 4603 927 4618; x_wconf 92' lang='grc'>-</span> <span class='ocrx_word' id='word_1_304' title='bbox 947 4573 1054 4634; x_wconf 89' lang='lat' dir='ltr'><strong>Scrlbit</strong></span> <span class='ocrx_word' id='word_1_305' title='bbox 1073 4591 1167 4652; x_wconf 88' lang='lat' dir='ltr'><strong>papae</strong></span> <span class='ocrx_word' id='word_1_306' title='bbox 1185 4593 1216 4636; x_wconf 88' lang='lat' dir='ltr'><strong>ee</strong></span> <span class='ocrx_word' id='word_1_307' title='bbox 1234 4579 1416 4655; x_wconf 69' lang='lat' dir='ltr'><strong>pablnrcbae</strong></span> <span class='ocrx_word' id='word_1_308' title='bbox 1435 4579 1619 4641; x_wconf 78' lang='lat' dir='ltr'><strong>Anboebeno</strong></span> <span class='ocrx_word' id='word_1_309' title='bbox 1631 4575 1849 4655; x_wconf 83' lang='lat' dir='ltr'><strong>confidentem,</strong></span> <span class='ocrx_word' id='word_1_310' title='bbox 1863 4578 1916 4656; x_wconf 85' lang='lat' dir='ltr'><strong>qui</strong></span> 
     </span>
     <span class='ocr_line' id='line_1_42' title="bbox 927 4670 1916 4754; baseline 0.003 -23"><span class='ocrx_word' id='word_1_311' title='bbox 927 4674 1008 4748; x_wconf 87' lang='lat' dir='ltr'><strong>pacis</strong></span> <span class='ocrx_word' id='word_1_312' title='bbox 1020 4670 1158 4734; x_wconf 85' lang='lat' dir='ltr'><strong>fiduciam</strong></span> <span class='ocrx_word' id='word_1_313' title='bbox 1173 4675 1356 4753; x_wconf 88' lang='lat' dir='ltr'><strong>aliquamdiu</strong></span> <span class='ocrx_word' id='word_1_314' title='bbox 1374 4676 1523 4738; x_wconf 87' lang='lat' dir='ltr'><strong>turbatam</strong></span> <span class='ocrx_word' id='word_1_315' title='bbox 1536 4693 1576 4738; x_wconf 86' lang='lat' dir='ltr'><strong>ex</strong></span> <span class='ocrx_word' id='word_1_316' title='bbox 1588 4681 1672 4754; x_wconf 88' lang='lat' dir='ltr'><strong>parte</strong></span> <span class='ocrx_word' id='word_1_317' title='bbox 1684 4673 1844 4753; x_wconf 87' lang='lat' dir='ltr'><strong>apostolica</strong></span> <span class='ocrx_word' id='word_1_318' title='bbox 1855 4672 1916 4734; x_wconf 91' lang='lat' dir='ltr'><strong>ob-</strong></span> 
     </span>
    </p>
   </div>
   <div class='ocr_carea' id='block_1_5' title="bbox 0 0 2183 5904">
    <p class='ocr_par' dir='ltr' id='par_1_29' title="bbox 0 0 2183 5904">
     <span class='ocr_line' id='line_1_43' title="bbox 0 0 2183 5904; baseline 0 0"><span class='ocrx_word' id='word_1_319' title='bbox 0 0 2183 5904; x_wconf 95' lang='lat' dir='ltr'><strong> </strong></span> 
     </span>
    </p>
   </div>
  </div>
 </body>
</html>
