4300 5916
220 655 322 718 lrrnrcr.
337 654 383 733 2.]
666 649 863 714 HISTORIA
887 647 1184 711 clanculariae.
1566 649 1626 713 855

269 789 466 880 Conradus,
489 787 562 860 divi
583 787 721 882 augusti
743 783 960 881 imperatoris
979 783 1141 856 Friderioi
1163 781 1271 870 filius,
1292 783 1355 855 Dei
1372 779 1482 877 gratia
1499 785 1625 858 Roma·

221 933 348 984 norum
364 913 400 983 in
418 933 536 1005 regem
552 911 703 1002 electus,
722 931 859 1004 semper
873 917 1040 1001 augustus
1052 917 1088 980 et
1099 905 1202 980 heres
1218 907 1315 998 regni
1327 908 1532 1000 Jerusalem,
1543 929 1625 1004 pro·

223 1036 375 1107 curatori
389 1033 587 1128 Burgundio
602 1054 665 1130 pro
679 1041 834 1128 tempore
850 1032 1050 1123 constituto,
1070 1033 1234 1120 sculteto,
1249 1031 1391 1103 consilio
1407 1041 1442 1103 et
1456 1032 1627 1105 universis

223 1157 358 1230 civibus
375 1159 420 1230 de
446 1158 559 1230 Berno
575 1155 734 1230 fidelibus
750 1157 838 1249 suis,
853 1155 999 1248 gratiam
1014 1163 1157 1228 suamet
1172 1174 1275 1226 omne
1288 1154 1433 1225 bonurn.
1445 1155 1628 1228 Devcticni

222 1293 339 1355 vestre
358 1292 480 1354 notum
503 1303 578 1353 esse
598 1282 758 1353 volumus
778 1301 841 1375 per
855 1288 1033 1374 presentes
1048 1275 1143 1372 quod
1158 1277 1365 1350 venerabilis
1382 1277 1475 1373 prior
1492 1287 1527 1350 et
1542 1300 1625 1351 con·

220 1415 349 1477 ventus
373 1405 418 1478 de
445 1405 745 1497 lluecgemberge,
771 1401 892 1475 fideles
912 1402 1038 1491 nostri,
1059 1401 1095 1473 in
1111 1411 1229 1472 nostra
1242 1401 1415 1496 presentia
1430 1401 1623 1491 constituti,
1686 1451 1691 1461 -

220 1531 424 1624 optulerunt
434 1529 629 1602 celsitudini
640 1537 756 1600 nostre
767 1526 911 1599 ecclesie
923 1547 984 1597 sue
994 1525 1243 1621 privilegia,ex
1252 1546 1399 1618 quorum
1412 1525 1628 1598 documentis

220 1653 470 1748 perpendimus
503 1652 684 1725 evidenter
706 1650 882 1744 quomodo
904 1649 1009 1722 iidem
1031 1660 1188 1721 nostrum
1215 1657 1250 1720 et
1277 1648 1413 1743 imperii
1438 1649 1628 1722 dominium

221 1776 334 1848 libero
349 1777 492 1848 arbitrio
507 1777 759 1873 amplexantes,
776 1775 954 1847 dominum
970 1783 1006 1844 et
1020 1781 1153 1868 patrem
1170 1781 1326 1844 nostrum
1337 1772 1580 1867 imperatorem
1594 1784 1629 1847 et

224 1921 290 1972 nos
315 1901 351 1972 in
376 1900 583 1973 advocatum
604 1899 670 1972 sibi
696 1899 865 1991 elegerint
886 1907 922 1971 et
943 1906 1113 1987 tutorem,
1138 1895 1313 1968 humiliter
1330 1896 1565 1991 supplicantes
1588 1909 1629 1970 ut

226 2023 403 2096 libertates
420 2025 544 2115 etjam
557 2022 683 2116 quibus
695 2021 863 2095 hactenus
878 2031 961 2094 sunt
974 2020 1096 2112 gavisi,
1115 2020 1165 2092 eis
1180 2017 1351 2092 radicare
1368 2029 1404 2092 et
1424 2017 1628 2094 confirmare

226 2145 389 2239 ipsosque
405 2145 441 2217 in
455 2156 610 2218 nostram
625 2157 661 2217 et
672 2145 806 2239 imperii
816 2145 1063 2240 protectionem
1074 2163 1249 2216 assumere
1263 2165 1305 2215 ac
1315 2153 1430 2216 vestre
1439 2143 1630 2218 defensioni

228 2269 442 2341 committere
460 2269 505 2342 de
525 2279 644 2342 nostra
662 2269 771 2362 gratia
784 2269 1020 2360 dignaremur.
1037 2269 1109 2341 Nos
1122 2267 1239 2360 itaque
1255 2267 1488 2363 predictorum
1506 2268 1630 2365 prioris

227 2401 262 2464 et
270 2403 465 2465 conventus
476 2392 924 2496 devotissupplicationibus
934 2390 1118 2485 benignius
1129 2403 1335 2482 annuentes,
1349 2392 1395 2464 ad
1403 2392 1630 2468 imitationem

226 2515 387 2588 divorum
424 2516 685 2611 progenitorum
715 2524 914 2587 nostrorum
941 2535 1063 2608 regum
1092 2523 1128 2586 et
1155 2513 1421 2610 imperatorum,
1450 2516 1631 2590 universas

226 2639 447 2713 libertateset
452 2640 666 2733 juraqnibus
675 2649 715 2712 ut
725 2639 796 2710 suis
810 2638 941 2730 gaudet
955 2637 1144 2732 privilegiis
1157 2639 1302 2710 eeclesia
1315 2649 1519 2730 memorata,
1532 2641 1630 2713 favo·

228 2763 384 2835 rabiliter
409 2763 658 2859 approbantes,
691 2771 886 2858 assumptos
909 2783 969 2835 ens
997 2772 1033 2834 et
1058 2763 1173 2834 locum
1195 2764 1348 2857 ipsorum
1371 2785 1450 2834 num
1473 2765 1574 2838 bonis
1596 2777 1633 2838 et

229 2887 428 2959 hominibus
457 2909 526 2980 que
547 2887 582 2958 in
606 2887 758 2983 presenti
770 2888 863 2978 juste
877 2894 997 2957 tenent
1010 2887 1066 2956 vel
1082 2885 1285 2957 infuturum
1301 2885 1453 2980 legitime
1468 2897 1633 2983 poterunt

229 3009 375 3103 adipisci
391 3009 456 3081 sub
470 3018 586 3082 nostre
603 3019 637 3082 et
653 3009 787 3106 imperii
798 3009 1021 3105 protectionis
1034 3009 1184 3104 presidio
1199 3009 1352 3105 speciali,
1373 3032 1415 3083 ea
1430 3011 1631 3085 deffensioni

228 3142 345 3206 vestre
356 3132 521 3205 duximus
535 3133 798 3222 committenda;
817 3132 1022 3205 mandantes
1034 3142 1069 3204 et
1079 3142 1149 3204 tam
1158 3133 1364 3206 auctoritate
1373 3144 1518 3229 paterna
1527 3158 1632 3230 quam

229 3265 347 3328 nostra
375 3256 603 3351 precipientes
629 3256 783 3328 districte
806 3265 978 3347 qnatenus
998 3265 1214 3351 prenotatam
1238 3257 1417 3328 ecclesiam
1439 3279 1519 3330 cum
1532 3260 1633 3332 bonis

228 3390 264 3452 et
281 3377 478 3451 bominibus
494 3381 565 3451 suis
576 3379 830 3451 manuteneatis
839 3378 1068 3451 efficaciteret
1079 3378 1381 3473 deffendatis,non
1393 3383 1633 3477 permittentes

228 3500 325 3595 quod
344 3503 540 3595 aliquorum
561 3503 751 3574 temerariis
767 3502 951 3574 insultibus
964 3502 1202 3592 molestentur,
1221 3515 1354 3576 certum
1370 3505 1521 3578 babituri
1539 3507 1634 3600 quod

230 3647 320 3719 sque
338 3638 502 3720 tanquam
516 3647 579 3722 pro
591 3627 728 3719 juribus
743 3635 778 3697 et
792 3626 893 3698 bonis
907 3627 1033 3699 nostris
1048 3637 1185 3720 gratum
1205 3628 1389 3723 recipimus
1412 3639 1447 3701 et
1466 3629 1633 3704 babemus

229 3749 259 3820 si
277 3749 422 3822 ecclesia
437 3749 634 3843 supradicta
648 3749 832 3822 efficaciter
845 3750 949 3822 fuerit
960 3771 1095 3845 perros
1105 3751 1261 3823 defensa.
1275 3751 1331 3824 Ad
1342 3751 1570 3848 hujusitaque
1584 3756 1634 3827 rei

232 3871 433 3943 memoriam
452 3881 630 3966 presentes
651 3872 783 3943 litteras
805 3873 916 3965 sigillo
934 3881 1050 3944 nostre
1068 3873 1281 3946 celsitudinis
1301 3875 1446 3948 lecimus
1461 3876 1629 3948 roborari.

280 3995 406 4065 Datum
419 3994 513 4090 apud
528 3995 694 4084 Bemum,
711 4016 804 4067 anno
815 3995 987 4068 dominice
1000 3995 1244 4069 incarnationis
1259 3997 1306 4069 M.
1315 3997 1375 4070 CC.
1385 3999 1500 4090 XLIV,
1515 4019 1634 4074 mense

232 4117 413 4210 februarii,
428 4119 580 4190 secunde
596 4119 804 4192 indictionis.
912 4137 918 4148 ·

864 4371 1435 4384 --—-———-—·—-———-——--

287 4561 506 4693 Cdnradus,
534 4585 574 4667 in
600 4585 859 4670 Romanorum
881 4612 1010 4696 regem
1038 4588 1199 4694 electus,
1225 4588 1404 4671 omnibus
1431 4591 1638 4673 castrensi·
1681 4621 1808 4729 mppgpn

234 4717 307 4800 bus
325 4719 373 4800 de
393 4717 628 4826 Oppenheim
648 4719 819 4801 concedit
837 4720 942 4828 qnod
960 4719 1050 4828 ipsi,
1072 4745 1209 4802 uxores
1226 4731 1264 4803 et
1280 4720 1461 4805 haeredes
1478 4723 1639 4834 legitimi
1681 4706 1826 4775 ”ffl-
