4306 5914
250 643 352 706 rme.
368 647 415 724 a]
691 648 889 712 rrrsrorm
913 650 1211 714 orrnourrrcr.
1594 621 1656 714 ¹rra

250 780 397 873 angelis,
412 782 508 877 quod
527 803 574 855 ex
591 784 744 879 ipsorum
761 785 896 858 actibus
917 786 1099 879 oolhgatur
1118 788 1336 882 exemplum,
1353 787 1382 859 si
1403 787 1469 860 snb
1491 787 1656 882 patientie

249 906 353 1000 pallio
374 905 481 978 iidem
502 919 620 981 nostre
639 909 862 1002 benignitatis
882 910 1008 1003 ingrati
1028 912 1140 985 cauda
1160 935 1225 985 nos
1243 912 1386 1001 feriant,
1408 912 1438 984 si
1459 911 1654 1004 religionis,

249 1052 356 1126 qnam
378 1031 454 1104 solo
479 1029 630 1126 figurant
654 1032 793 1126 babitu,
812 1035 946 1131 pudore
968 1037 1175 1131 postposito,
1195 1037 1241 1110 ab
1266 1058 1308 1109 ea
1328 1034 1509 1108 deviantes
1527 1036 1657 1131 pietate

248 1177 353 1251 quam
376 1157 569 1252 predicant,
587 1158 740 1252 negociis
759 1158 893 1232 bellicis
915 1160 1150 1255 temporaliter
1176 1182 1213 1234 se
1236 1160 1454 1232 immiscent?
1470 1161 1582 1256 Super
1602 1159 1658 1233 his

247 1279 372 1354 honori
385 1291 517 1373 vestro,
537 1281 627 1354 siout
640 1283 816 1372 convenit,
833 1283 1036 1379 providete;
1062 1285 1219 1358 attendat
1231 1284 1455 1356 nihilominus
1468 1294 1583 1358 vestre
1599 1305 1655 1356 se·

247 1405 404 1478 renitatis
418 1405 567 1498 allectio,
585 1407 614 1478 si
630 1417 712 1479 sunt
726 1406 792 1479 heo
807 1429 904 1480 arma
919 1407 1134 1504 pontificum,
1154 1409 1183 1480 si
1204 1409 1296 1481 Petri
1316 1408 1541 1480 subambulus
1561 1407 1657 1502 quod

245 1529 353 1604 debet
367 1531 405 1603 in
420 1530 582 1623 gentihus
597 1533 713 1604 oleum
729 1533 865 1628 pietatis
885 1533 1062 1620 infundat,
1081 1533 1111 1605 si
1128 1533 1250 1608 Christi
1265 1533 1415 1606 vicarius
1427 1532 1549 1606 Christi
1562 1532 1656 1605 vices

245 1656 447 1752 adimpleat,
463 1656 547 1729 dum
564 1656 633 1730 illis
652 1656 843 1753 dispendiis
858 1657 996 1731 incaute
1010 1679 1047 1730 se
1062 1657 1235 1754 implicat,
1254 1679 1302 1731 ex
1322 1659 1449 1752 quibus
1470 1655 1656 1730 homicidia

244 1781 511 1876 sanguinolenta
521 1782 744 1879 proveniunt,
756 1791 792 1854 et
804 1782 998 1856 animarum
1012 1783 1215 1880 multiplicia
1229 1782 1437 1856 detrimenta
1450 1793 1652 1856 nascuntur

242 1905 315 1979 Nos
337 1906 431 1978 enim
452 1907 513 2000 qui
534 1906 671 2002 pondus
694 1906 829 1980 incudis
849 1906 1017 1981 hacteuus
1037 1907 1210 2005 patienter
1230 1917 1266 1980 et
1291 1907 1417 1981 devote
1439 1908 1651 1999 subivimus,

243 2030 401 2103 nolentes
414 2031 560 2104 ulterius
572 2053 637 2127 per
651 2031 852 2127 patientiam
866 2041 1020 2106 nostram
1035 2031 1130 2123 ledi,
1155 2032 1201 2105 de
1217 2040 1333 2104 cetero
1346 2032 1419 2128 pati
1432 2032 1653 2127 nequivimus

244 2155 328 2250 quin
349 2175 489 2227 causam
511 2166 664 2230 nostram
685 2155 907 2231 defendendo
925 2156 1071 2230 viriliter
1090 2156 1205 2229 mallei
1229 2165 1482 2250 consequenter
1500 2155 1651 2230 officinm

243 2277 479 2351 adsumamus.

291 2896 518 2982 Bartholdus
545 2896 759 3008 patriarcha
780 2896 1045 3008 Aquilegensis
1067 2907 1105 2980 et
1128 2893 1346 2979 Maiuardus
1375 2917 1503 2978 comes
1527 2893 1646 2978 Geri-
1706 2909 1823 2965 ruam.

237 3031 318 3116 oiae
348 3032 388 3114 in
421 3030 584 3117 arbitros
614 3041 652 3114 et
683 3029 900 3114 amicabiles
935 3028 1207 3139 compositores
1248 3027 1562 3137 compromittunt
1599 3027 1648 3110 de

235 3163 414 3250 omnibus
437 3165 589 3248 damnis
611 3166 790 3278 utrinque
814 3164 913 3248 detis
935 3175 1023 3275 post
1049 3163 1152 3247 diem
1176 3171 1332 3271 treugae
1357 3162 1522 3244 indictae
1548 3161 1647 3244 inter

233 3299 388 3384 eosdem
406 3299 663 3410 patriarcham
684 3309 722 3383 et
742 3298 920 3384 comitem
940 3323 1008 3407 per
1032 3296 1210 3382 nuntium
1236 3293 1378 3380 Gueoili
1401 3295 1450 3377 de
1472 3293 1585 3378 Prata
1609 3304 1647 3376 et

233 3431 378 3518 hoelini
401 3435 450 3516 de
466 3433 653 3518 Romano.

315 3675 419 3756 (Edld.
433 3677 553 3750 orni,
574 3675 680 3737 Foetes
694 3691 753 3736 rer.
770 3672 887 3747 Amo..
901 3672 1122 3751 dlplomataria,
1137 3686 1206 3749 pars
1219 3671 1250 3749 1,
1266 3687 1297 3748 p.
1315 3678 1368 3750 1⁴,
1386 3685 1423 3730 ex
1437 3667 1520 3731 arob.
1544 3670 1643 3734 Cesar.

353 3783 536 3859 Vlndobon.)

279 4001 318 4072 ln
331 3999 472 4074 nomine
482 3999 621 4073 Domini
636 3998 699 4070 Dei
711 3996 820 4070 nostri
834 3997 916 4068 Iesu
931 3993 1068 4085 Christi,
1082 4015 1175 4066 anno
1188 3993 1347 4087 ejusdem
1358 3991 1549 4065 nativitatis
1561 3993 1641 4066 mil·

231 4126 353 4199 lesimo
379 4123 617 4198 ducentesimo
640 4119 903 4218 quadragesimo
927 4139 1040 4211 nono,
1067 4118 1256 4191 indictione
1279 4117 1448 4212 septima,
1473 4116 1530 4189 die
1550 4117 1642 4209 jovis

231 4252 342 4348 primo
364 4250 498 4345 aprilis,
521 4247 559 4321 in
581 4267 771 4342 campanea
796 4243 954 4318 Menmni
975 4242 1066 4314 ultra
1090 4261 1235 4335 aquam,
1257 4241 1476 4336 presentibus
1497 4239 1641 4315 domino

229 4375 342 4450 Olrioo
365 4375 528 4470 episcopo
545 4372 754 4465 Trigestino,
772 4369 913 4443 domino
933 4367 1082 4440 Hennoo
1097 4365 1340 4438 archidiacono
1355 4364 1546 4458 Paduensi,
1562 4385 1638 4438 ma·

230 4503 336 4596 gistro
358 4497 546 4573 Bertboldo
570 4495 737 4570 canonico
760 4491 1015 4590 Aquilegiensi,
1039 4491 1183 4565 domino
1200 4489 1414 4563 buzaoavioo
1437 4489 1483 4564 do
1503 4489 1636 4581 Padua,

230 4626 370 4702 domino
384 4623 540 4697 Iohanne
553 4622 600 4695 de
613 4620 723 4693 Diana
733 4618 822 4712 juris
835 4617 1048 4708 doctoribus,
1063 4614 1214 4688 Antonio
1229 4614 1342 4688 scriba
1356 4613 1488 4690 domini
1502 4617 1638 4691 comitis

231 4751 274 4826 de
288 4750 425 4826 Gericia
440 4758 476 4821 et
490 4747 585 4838 aliis,
603 4745 764 4819 dominus
777 4742 985 4816 Bartholdus
998 4740 1061 4812 Dei
1079 4741 1190 4834 gratia
1209 4749 1328 4813 sancte
1341 4739 1433 4814 sedis
1452 4740 1634 4836 Aquilegr'e
