4310 5908
225 649 325 710 rnre.
340 645 387 724 a]
672 642 870 706 msrourn
895 646 1193 712 orruounrrcn.

916 889 949 961 ll

309 1063 404 1139 (lidlt.
419 1066 451 1124 ln
464 1061 548 1123 Petri
560 1060 595 1124 ds
614 1063 680 1126 Via.
696 1063 796 1143 epist,
811 1065 863 1126 llb.
877 1065 924 1140 11,
943 1083 1009 1144 cap.
1025 1065 1171 1145 xxx1113
1188 1065 1255 1126 coll.
1273 1081 1342 1126 cum
1358 1064 1425 1126 cod.
1440 1062 1516 1125 Blbl.
1532 1063 1631 1126 Ceam.

345 1169 453 1242 Parb.,
460 1167 552 1252 Jbods
569 1169 816 1232 Sciat-Garatom
828 1167 954 1252 Πανῶν,
972 1181 1006 1232 n⁰
1024 1181 1096 1250 tte,
1110 1171 1162 1234 ubl
1181 1172 1260 1234 clare
1273 1171 1410 1232 rubrica:
1430 1169 1528 1232 comiti
1542 1165 1635 1232 caat

347 1275 442 1355 terto.)

275 1461 423 1546 Credere
445 1461 590 1534 tirmiter
605 1471 641 1535 et
656 1471 775 1535 tenere
800 1472 834 1534 te
849 1463 1129 1557 volumusquod
1151 1463 1180 1535 si
1193 1463 1334 1556 -absque
1350 1462 1506 1557 periculo
1527 1481 1634 1554 nego·

226 1573 574 1698 ciorbmnostrorum
590 1584 665 1658 lieri
677 1607 777 1682 posse
791 1585 973 1660 commode
988 1587 1180 1678 videretur,
1196 1586 1408 1682 presentiam
1421 1596 1516 1658 tuam
1532 1605 1638 1680 quam

226 1710 439 1782 bnctuosam
468 1710 570 1782 nobis
593 1711 686 1782 clara
719 1730 856 1806 semper
888 1710 1183 1783 demonstratione
1213 1711 1460 1806 probavimus,
1489 1710 1640 1782 libenter

227 1845 348 1910 nostro
368 1834 466 1906 lateri
480 1835 675 1928 proximam
689 1835 909 1926 videremus;
928 1845 968 1908 ut
983 1856 1048 1907 nos
1062 1834 1151 1927 tuis,
1171 1857 1240 1930 que
1257 1834 1555 1927 gratasuntnobis
1565 1833 1642 1906 ubi·

226 1956 330 2047 libet,
364 1957 586 2052 presentibus
607 1968 787 2030 uteremur
810 1958 1009 2052 obsequiis,
1034 1967 1069 2030 et
1102 1967 1138 2030 tu
1163 1958 1309 2049 nostris,
1340 1978 1428 2050 quos
1454 1956 1641 2030 familiares

226 2082 451 2175 quantumvis
469 2081 605 2154 absenti
618 2082 869 2176 promittimus,
893 2082 1039 2177 placidis
1053 2083 1252 2176 aspectibus
1267 2081 1444 2171 letareriS,
1468 2082 1566 2154 velut
1581 2081 1642 2174 qui

226 2204 518 2278 sollicitudinibus
533 2206 638 2278 variis
655 2216 691 2278 et
714 2204 891 2279 laboribus
910 2206 1042 2278 bellicis
1058 2206 1222 2298 fatigatus
1243 2215 1399 2278 nostram
1418 2205 1540 2278 videre
1560 2225 1642 2300 pre·

228 2329 377 2400 sentiam
402 2339 582 2422 reputares
610 2328 656 2401 ad
681 2330 811 2421 otium,
839 2340 874 2402 et
899 2331 1004 2401 letam
1031 2330 1202 2425 inspicere
1229 2330 1352 2402 faeiem
1381 2329 1571 2402 ascriberes
1597 2327 1645 2401 ad

228 2451 397 2544 quietem.
416 2454 486 2526 Sed
502 2454 726 2545 negociorum
742 2453 897 2548 ipsomm
912 2465 1051 2546 natura,
1069 2475 1138 2547 que
1154 2453 1367 2526 laudabilem
1385 2452 1508 2526 babuit
1522 2451 1644 2525 bacte-

228 2599 297 2648 nus
314 2586 348 2649 te
361 2577 397 2648 in
413 2578 571 2672 partibus
587 2579 654 2649 illis
667 2577 863 2670 authorem,
878 2579 1005 2651 nostris
1029 2579 1197 2673 tantisper
1209 2588 1245 2650 et
1260 2577 1328 2650 tuis
1341 2576 1523 2650 desideriis
1545 2597 1646 2672 repu-

227 2711 378 2793 gnante,
405 2701 523 2773 native
541 2702 800 2802 quodammodo
817 2702 988 2775 voluntati
1003 2702 1076 2775 vim
1092 2702 1256 2797 iacimus,
1278 2711 1314 2774 et
1340 2701 1453 2775 donee
1474 2701 1646 2793 gloriosus
1692 2797 1696 2802 Ι

227 2823 313 2898 inde
328 2826 513 2919 proveniat
528 2826 661 2916 exitus,
685 2826 780 2898 unde
796 2826 935 2900 votivus
958 2824 1010 2922 (a)
1034 2825 1221 2920 suscipitur
1241 2826 1406 2898 continua
1427 2823 1645 2898 successione

228 2970 427 3045 processus,
443 2959 477 3022 te
492 2951 536 3022 de
551 2951 707 3044 partibus
720 2950 804 3045 ipsis
822 2950 868 3023 ad
883 2972 1026 3046 presens
1042 2972 1114 3023 non
1128 2950 1279 3024 vidimus
1293 2950 1542 3023 revocandum.
1560 2949 1645 3022 Nol·

230 3073 345 3146 lemus
368 3075 460 3146 enim
479 3074 523 3146 de
547 3071 748 3172 [rebellibus
770 3071 910 3174 nostris]
933 3075 1110 3148 laboribus
1130 3085 1166 3147 et
1185 3075 1371 3146 sudoribus
1392 3074 1460 3146 tuis
1484 3081 1646 3168 prompta

231 3197 366 3270 dudum
382 3193 568 3271 devotione
585 3175 766 3293 dispersis,
781 3199 897 3271 aliena
912 3209 1101 3271 meteretur
1115 3200 1203 3272 falce
1220 3199 1385 3290 victoria,
1403 3207 1439 3270 et
1454 3205 1648 3269 assumeret

233 3320 324 3392 alius
343 3331 376 3392 te
390 3319 426 3392 in
438 3321 567 3415 Campo
582 3321 705 3394 Martio
719 3329 860 3392 strenue
875 3329 1037 3392 currente
1052 3321 1277 3416 triumphum.
1299 3320 1368 3394 Sed
1383 3343 1464 3394 cum
1481 3321 1587 3416 plena
1602 3321 1648 3392 sit

234 3443 337 3517 nobis
355 3454 391 3516 et
408 3445 569 3539 proxima
589 3445 634 3517 de
654 3445 805 3538 regionis
822 3445 931 3539 ipsius
950 3445 1194 3517 reformatione
1212 3443 1340 3517 fiducia
1362 3443 1551 3539 prebeatur
1571 3441 1621 3542 (b)
1633 3435 1653 3535 ,'

234 3589 301 3663 age
323 3568 482 3659 viriliter,
510 3579 546 3640 et
559 3589 639 3664 spes
651 3568 797 3665 pulchra
811 3579 845 3642 te
861 3571 978 3643 foveat
990 3569 1086 3663 quod
1098 3578 1132 3641 te
1149 3589 1228 3641 cum
1243 3568 1461 3663 plenitudine
1476 3569 1585 3660 glorie
1601 3569 1652 3642 de'

236 3693 425 3766 rebellibus
456 3694 584 3767 nostris
613 3702 791 3790 assumpta
818 3695 979 3784 victoria,
1014 3695 1164 3766 libenter
1193 3692 1239 3766 ad
1263 3703 1419 3765 nostram
1437 3693 1648 3789 presentiam

235 3836 402 3888 revocare
425 3817 644 3907 curabimus,
675 3827 711 3890 et
737 3818 894 3890 hilariter
921 3818 967 3891 ad
992 3827 1089 3910 grate
1118 3816 1245 3910 quietis
1273 3817 1493 3913 participium
1520 3816 1648 3891 admit·

238 3949 364 4014 temris.

287 4111 398 4185 Adest
412 4114 522 4185 altera
540 4112 585 4185 de
599 4112 723 4185 eodem
740 4121 946 4206 argumento
956 4112 1102 4208 epistola
1118 4121 1153 4184 et
1170 4113 1236 4184 sub
1249 4111 1381 4184 eisdem
1397 4111 1532 4204 verbis,
1549 4133 1649 4207 prae·

240 4246 399 4329 terquam
411 4237 447 4308 in
463 4237 599 4310 duobus
609 4237 727 4332 primis
744 4236 857 4327 lineis,
873 4237 909 4308 in
923 4239 1016 4308 Patr.
1035 4236 1075 4308 de
1092 4236 1185 4322 Vin„
1211 4236 1355 4328 ibidem,
1380 4257 1458 4331 cap.
1478 4237 1601 4329 xxiv,
1614 4245 1650 4309 et

240 4379 298 4455 ap.
318 4360 483 4433 Msnrnns
498 4371 533 4434 et
545 4363 708 4454 Domus,
726 4362 794 4434 Vct.
813 4363 929 4456 script.
942 4359 1095 4455 omplicc.
1113 4353 1281 4445 collectio,
1301 4369 1327 4432 t.
1345 4358 1651 4452 11,col.t20t,ox

242 4504 326 4555 mss.
343 4484 552 4558 folbertino.

284 4651 327 4734 (a)
348 4655 385 4716 In
401 4657 543 4733 impresso
555 4655 683 4733 misor,
697 4655 785 4718 male.

285 4759 322 4840 (b)
342 4763 407 4824 Hoc
417 4763 542 4826 verbum
557 4763 640 4825 deest
657 4763 688 4824 ln
701 4763 813 4824 codlce.
