4306 5914
514 653 574 718 'ldb
968 701 970 706 .
1008 650 1225 713 tutotuto]
1247 649 1423 714 sacuam
1732 649 1816 728 [batt.
1833 647 1922 714 itte.

513 811 579 862 nos
594 789 642 864 ibi
658 797 804 864 mnalnr
815 786 1006 864 adversarii
1024 787 1133 860 nostri
1151 786 1257 880 rigor,
1273 786 1334 860 nbi
1347 784 1475 880 quietis
1492 795 1529 858 at
1546 784 1641 880 pacis
1653 785 1776 858 solaua
1787 783 1926 858 studio·

514 914 585 986 ιὶιιι
611 935 849 1010 procuramus.
874 913 994 1008 Nuper
1020 911 1112 983 enim
1134 911 1181 984 ad
1199 909 1413 984 audientiam
1437 918 1591 984 nostram
1614 930 1685 982 non
1711 907 1785 982 sina
1809 907 1927 982 cordis

514 1039 776 1136 perturbatione
792 1037 963 1135 pervenit,
976 1035 1072 1132 quod
1087 1035 1152 1110 iste
1168 1037 1322 1108 llomane
1338 1035 1438 1109 Sedis
1451 1034 1608 1126 antistes,
1619 1033 1676 1106 cui
1689 1053 1761 1108 non
1777 1033 1860 1106 satis
1873 1041 1928 1106 est

515 1163 549 1235 in
563 1152 659 1237 ltalie
677 1164 831 1261 partibus
848 1162 1036 1259 impetiisse
1051 1183 1117 1235 nos
1131 1161 1300 1234 hactenus
1318 1159 1384 1233 nisi
1403 1160 1439 1232 in
1458 1159 1558 1253 regni
1572 1159 1681 1232 nostri
1697 1159 1871 1258 pomerio,
1889 1158 1925 1230 in

515 1309 585 1382 quo
601 1289 749 1364 velutin
767 1289 947 1362 oculorum
964 1297 1163 1368 nostrorum
1183 1286 1314 1382 pupilla
1331 1284 1572 1381 pertingimur,
1591 1283 1709 1380 spinas
1722 1283 1923 1372 interserat,

516 1423 552 1486 et
566 1423 762 1490 nostrornm
779 1412 886 1486 corda
904 1410 1073 1503 fidelium,
1084 1434 1154 1506 que
1171 1410 1320 1485 fidelitas
1334 1410 1452 1483 nativa
1468 1410 1676 1500 consolidat,
1692 1430 1713 1483 a
1729 1419 1847 1483 nostra
1862 1409 1926 1482 de·

514 1539 656 1613 votione
675 1539 872 1630 subvertat,
889 1559 1001 1633 nuper
1020 1536 1055 1608 in
1074 1559 1219 1631 regnum
1235 1558 1299 1633 per
1317 1537 1442 1608 lratres
1461 1535 1699 1610 predicatores
1721 1544 1758 1608 et
1776 1533 1927 1608 Minores

515 1683 558 1736 ac
575 1661 753 1757 religiosos
774 1663 861 1737 alios
881 1663 999 1738 literas
1017 1683 1099 1735 suas
1121 1661 1314 1758 improvide
1331 1661 1469 1754 dirigit,
1489 1670 1525 1734 et
1549 1661 1703 1734 occultas
1726 1657 1927 1734 oocadooes

514 1786 660 1860 innectit
680 1788 807 1882 quibus
831 1786 1200 1860 excommunicationis
1225 1796 1262 1859 et
1285 1785 1458 1858 interdicti
1483 1786 1709 1878 sententiam,
1740 1806 1845 1880 qnam
1870 1785 1926 1856 in·

511 1912 606 2005 juste
626 1911 760 1985 dudum
777 1921 897 1985 contra
917 1922 1071 1988 nostram
1091 1911 1335 1986 excellentiam
1354 1911 1562 2002 fulminavit,
1581 1932 1602 1984 a
1625 1907 1787 1983 fidelibus
1799 1909 1927 1983 nostris

514 2036 712 2129 regnicolis,
731 2059 820 2132 quos
835 2036 932 2112 velut
947 2035 983 2108 in
998 2047 1117 2132 petrea
1133 2035 1320 2109 devotione
1335 2033 1502 2128 firmatos,
1519 2035 1635 2109 verbis
1651 2033 1848 2126 hujusmodi
1864 2033 1928 2106 lri·

514 2160 604 2233 volis
618 2161 740 2233 leviter
751 2159 842 2234 llecti
854 2181 954 2257 posse
967 2181 1037 2234 non
1050 2159 1237 2253 credimus,
1251 2160 1355 2234 iaciat
1366 2159 1564 2233 observari:
1576 2156 1927 2232 excommunicationi

514 2283 739 2360 nibilominus
755 2295 791 2358 et
806 2285 990 2359 interdicto
1003 2285 1191 2378 subjiciens
1205 2285 1404 2380 quicunque
1418 2307 1515 2358 more
1529 2285 1632 2359 solito
1647 2285 1748 2358 nobis
1761 2305 1926 2357 reveren·

516 2417 569 2481 ter
589 2409 759 2483 obediunt
782 2419 821 2482 et
850 2411 977 2484 nostris
999 2410 1213 2504 jussionibus
1237 2403 1477 2504 obsequuntur
1496 2383 1563 2508 (ol.
1590 2411 1796 2504 Quanquam
1821 2407 1926 2501 igitur

515 2554 620 2629 super
634 2533 689 2607 bis
704 2556 776 2607 non
792 2534 973 2608 videamus
987 2535 1181 2632 expediens
1196 2535 1325 2632 scripta
1338 2547 1455 2609 nostra
1469 2535 1633 2628 dirigere,
1648 2557 1710 2608 seu
1728 2545 1926 2608 nostrorum

514 2655 670 2732 fidelium
694 2659 829 2732 animos
845 2661 1011 2752 excitare,
1028 2659 1111 2754 quia
1128 2671 1242 2736 tamen
1258 2661 1304 2734 de
1320 2661 1544 2755 regni'nostri
1563 2669 1656 2734 statu
1675 2657 1820 2757 pacifico
1835 2659 1927 2732 inter

513 2793 649 2857 ceteras
668 2784 963 2859 considerationes
982 2797 1118 2859 nostras
1139 2787 1303 2884 precipue
1318 2808 1384 2860 nos
1398 2808 1482 2860 cura
1503 2786 1679 2883 perungit,
1696 2785 1795 2859 velut
1809 2785 1871 2878 qui
1888 2783 1926 2856 in

514 2909 590 3002 ejus
604 2908 720 3005 quieta
738 2908 948 3005 quiescimus
968 2921 1004 2985 et
1019 2911 1056 2982 in
1078 2911 1199 3008 ipsine,
1218 2910 1323 3007 quod
1331 2911 1442 3004 absit,
1463 2911 1667 3008 intemperie
1692 2911 1923 3002 turbaremur,

513 3035 730 3106 voluntatem
745 3043 911 3128 nostram,
927 3057 1033 3132 (Ῑιιιιιιι
1048 3035 1092 3110 de
1106 3036 1307 3132 hujusmodi
1325 3036 1526 3110 temeritatis
1540 3035 1672 3109 ultione
1686 3035 1923 3131 concepimus,

516 3167 636 3231 tenore
660 3159 870 3256 presentium
893 3159 1129 3236 denotamus:
1150 3162 1313 3235 videlicet
1335 3162 1431 3257 quod
1453 3182 1620 3257 personas
1644 3161 1834 3256 quaslibet,
1856 3181 1925 3255 que

514 3283 631 3360 literas
646 3293 846 3380 presentare
864 3285 1007 3362 cuilibet
1031 3288 1088 3359 vel
1105 3287 1151 3360 ab
1169 3287 1286 3382 aliquo
1303 3287 1458 3384 recipere
1479 3296 1706 3383 presentatus,
1722 3295 1784 3358 aut
1802 3284 1924 3378 hujus·

514 3409 610 3482 modi
632 3408 720 3482 forte
739 3430 863 3510 parere
884 3410 1057 3484 mandatis
1072 3434 1135 3484 seu
1156 3412 1443 3508 qualitercunque
1462 3411 1579 3486 lavere
1599 3419 1858 3508 presumerent,
1886 3419 1927 3483 ut

514 3555 619 3630 poena
636 3535 782 3608 docente
799 3535 990 3634 percipiant
1003 3548 1172 3632 quantum
1185 3559 1304 3611 eorum
1319 3558 1484 3614 excessus
1496 3547 1613 3610 nostra
1629 3539 1791 3630 majestas
1801 3535 1926 3609 abbor-

514 3669 603 3750 reat,
622 3659 860 3753 cujuscunque
877 3661 1004 3734 luerint
1019 3661 1240 3755 conditionis,
1259 3661 1360 3735 etatis
1375 3670 1436 3733 ant
1452 3683 1579 3752 sexus,
1599 3661 1750 3734 incendii
1763 3662 1925 3734 volumus

514 3783 675 3878 passione
703 3784 874 3857 mulctari.
904 3784 958 3860 Ad
983 3785 1108 3858 borum
1136 3787 1240 3859 etiam
1265 3786 1466 3859 insolentias
1494 3785 1655 3858 subtilius
1680 3785 1923 3880 inquirendas,

514 3906 696 4005 adiicimus
709 3917 749 3982 ut
763 3908 961 4008 quicunque
977 3910 1022 3984 de
1039 3909 1198 3986 fidelibus
1213 3911 1340 3986 nostris
1357 3911 1551 4006 regnicolis,
1570 3909 1764 3984 devotionis
1781 3910 1924 4004 integri·

516 4041 586 4104 tate
602 4032 786 4122 clarentes,
797 4034 953 4129 publicos
965 4034 1200 4130 predictorum
1211 4056 1419 4110 excessuum
1435 4045 1628 4130 patratores
1641 4033 1677 4106 in
1691 4033 1766 4130 ipso
1781 4033 1925 4108 erimine
1942 4039 1950 4051 '

514 4153 673 4248 llagranti
690 4157 883 4252 reperient,
903 4169 938 4232 et
956 4159 1083 4231 ardens
1099 4158 1179 4231 fidei
1198 4182 1261 4235 sue
1278 4161 1393 4233 lervor
1409 4169 1541 4232 tantam
1560 4181 1692 4232 moram
1709 4159 1850 4232 minime
1867 4180 1925 4256 pa·

516 4269 621 4352 tiatur
635 4281 731 4374 quod
746 4281 793 4354 ad
811 4281 994 4376 regionum
1005 4283 1208 4376 justitiarios
1224 4287 1362 4357 valeant
1380 4285 1510 4357 babere
1530 4307 1725 4376 recursum,
1743 4283 1836 4380 ipsos
1851 4283 1924 4354 im-

515 4425 627 4499 punes
644 4425 720 4478 esse
737 4407 897 4479 volumus
920 4407 948 4479 si
964 4407 1010 4480 de
1027 4410 1336 4502 transgressoribus
1352 4409 1434 4506 ipsis
1452 4409 1662 4506 sumpserint
1678 4409 1864 4500 ultionem,
1882 4429 1924 4480 ac

514 4528 561 4600 ob
576 4551 638 4602 sue
654 4527 736 4608 ndei
752 4531 913 4608 meritum
930 4533 1051 4606 laciem
1068 4543 1186 4608 nostre
1200 4535 1395 4608 serenitatis
1410 4535 1555 4608 hilarem
1572 4544 1608 4607 et
1623 4555 1644 4608 a
1658 4535 1758 4610 nobis
1771 4533 1923 4607 retribu-

435 4853 438 4862 .
554 4775 597 4858 (a)
619 4777 767 4841 lncodlcs
779 4775 981 4843 οῠιιιιιιιᾰιιιιε.
