4352 5940
221 579 319 638 rcere.
336 573 384 653 a]
664 573 862 636 ursronm
886 572 1185 638 nrrnouarrca.
1571 575 1630 639 eor

218 713 331 784 zelum
351 709 434 782 fidei
447 707 630 782 defecisse.
645 707 733 780 Nam
748 708 840 780 circa
852 709 1033 782 biennium
1046 707 1246 804 episcopum
1260 709 1490 782 Geracensem
1505 709 1550 782 de
1566 711 1629 782 Ca·

219 835 328 908 lebria
342 835 424 908 iecit
440 834 478 906 in
493 832 592 925 aquis
603 830 872 930 ferventibus(a)
887 833 1070 930 prefocati.
1085 834 1158 904 lloc
1171 854 1255 905 vero
1269 854 1362 906 anno
1376 834 1412 906 in
1425 833 1518 906 Urbe
1535 835 1630 940 apud

217 959 424 1032 Lateranum
448 957 635 1030 recolende
657 957 823 1030 memorie
847 957 1110 1030 Cefaludensem
1136 957 1336 1053 episcopum
1357 958 1401 1029 de
1422 958 1538 1029 Sicilia
1555 959 1630 1049 jam

217 1083 319 1154 aunis
329 1081 530 1176 quindecim
542 1103 607 1176 per
617 1081 749 1154 dictum
762 1080 907 1177 impium
923 1103 943 1154 a
959 1081 1098 1176 propria
1112 1081 1196 1152 sede
1209 1081 1628 1177 pulsnm,perquemdam

217 1207 375 1279 lictorem
392 1207 538 1278 siculum
556 1205 673 1298 gladio
690 1205 770 1276 iecit
786 1206 922 1296 necari3
938 1206 1038 1297 cujus
1053 1204 1254 1277 venerenda
1270 1205 1413 1276 canities
1428 1205 1474 1277 ad
1493 1205 1628 1276 senium

215 1331 288 1422 jam
303 1331 459 1426 procliva
479 1329 541 1402 diu
557 1330 594 1400 in
611 1329 747 1402 camino
766 1330 981 1424 paupertatis
1002 1338 1148 1402 excocta
1167 1339 1203 1400 et
1226 1329 1366 1420 longavi
1387 1329 1484 1400 exilii
1502 1331 1627 1424 pruina
1687 1377 1689 1380 -

218 1463 414 1544 manacta,
435 1473 498 1548 per
518 1471 555 1524 se
576 1451 687 1546 ipsam
708 1451 756 1524 ad
778 1453 911 1524 exitum
936 1453 1155 1548 properabat.
1176 1452 1244 1523 Sed
1263 1451 1434 1544 gladiator
1453 1453 1628 1546 predictus

217 1598 288 1650 nou
298 1576 346 1650 ad
363 1577 430 1650 hoe
446 1587 580 1648 tantum
593 1576 718 1648 missus
734 1577 860 1669 luerat,
881 1576 945 1649 sed
957 1586 998 1648 ut
1011 1576 1047 1647 in
1064 1577 1216 1669 aliquam
1231 1575 1274 1646 de
1286 1575 1421 1668 magnis
1434 1577 1628 1673 columpnis

219 1723 342 1774 manue
353 1701 560 1774 extenderet
574 1701 602 1772 si
613 1702 747 1772 valeret
759 1709 969 1773 omentatas.
983 1701 1056 1772 Nec
1069 1699 1195 1770 mirum
1211 1699 1239 1770 si
1257 1699 1370 1770 minus
1386 1699 1535 1772 famosos
1550 1723 1628 1796 pre·

218 1825 304 1896 latos
323 1824 475 1920 perimit,
493 1845 573 1896 cum
587 1823 668 1896 olim
683 1824 824 1898 sicarios
840 1833 876 1896 et
891 1824 1055 1896 assisinos
1068 1822 1277 1896 conduxerit
1292 1823 1337 1894 ad
1352 1824 1549 1897 necandum
1568 1847 1626 1896 su·

217 1969 376 2044 premum
390 1948 514 2022 Christi
528 1948 697 2020 vicarium
719 1957 755 2020 et
774 1949 909 2042 aliquos
927 1949 1052 2020 iratres
1072 1948 1147 2039 ejus
1164 1957 1200 2018 et
1214 1947 1250 2017 in
1266 1947 1435 2039 quosdam
1453 1947 1627 2043 principes

214 2071 286 2162 jam
310 2071 423 2166 pridie
446 2070 570 2143 similia
589 2071 824 2145 attentaverit.
851 2072 926 2143 lleu
950 2071 1099 2164 qualiter
1121 2070 1332 2142 ohdormivit
1352 2070 1389 2140 in
1413 2071 1626 2167 principibus

214 2191 409 2265 christianis
421 2193 524 2266 timor
535 2194 597 2265 Dei
612 2195 798 2267 etomnino
811 2194 883 2266 lere
900 2194 1010 2288 tepuit
1018 2214 1116 2266 amor
1127 2189 1333 2266 Salvatorisl
1349 2195 1481 2289 Nempe
1492 2194 1626 2268 dudum

217 2327 372 2412 tempore
382 2317 564 2410 gentilium
574 2318 603 2390 si
616 2341 706 2391 unus
722 2318 850 2391 demon
866 2318 955 2391 dans
969 2318 1005 2389 in
1019 2318 1121 2391 terris
1129 2317 1321 2390 idololatris
1330 2340 1494 2414 responsa
1505 2319 1571 2391 coli
1580 2319 1626 2391 ab

216 2440 332 2533 aliquo
355 2443 599 2537 spernebatur,
615 2443 732 2514 multis
753 2442 937 2515 distraetus
957 2442 1134 2537 suppliciis
1155 2441 1342 2514 crudeliter
1366 2443 1572 2536 necabatur,
1592 2454 1628 2516 et

217 2563 320 2634 modo
340 2561 428 2635 fidas
447 2565 693 2656 contemnitur,
709 2565 928 2637 invalescunt
948 2564 1092 2637 heretici
1112 2576 1147 2637 et
1168 2566 1214 2636 ab
1233 2565 1340 2660 impio
1361 2565 1623 2639 defenduntur:

214 2685 439 2781 predicantur
453 2687 491 2758 in
506 2687 610 2779 hujus
628 2689 763 2762 scelesti
781 2698 964 2785 potentatu
981 2687 1140 2779 hereses,
1156 2689 1353 2762 increscunt
1370 2698 1545 2785 apostate,
1561 2690 1624 2762 de·

216 2808 406 2882 tenduntur
429 2811 548 2884 hostes
565 2812 720 2904 Domini,
737 2823 1008 2886 contemnuntur
1023 2823 1239 2886 sacramenta
1261 2823 1297 2884 et
1316 2815 1432 2885 claves
1452 2814 1622 2906 Ecclesia,

214 2934 438 3006 conculcatur
450 2935 592 3008 libertas
606 2937 839 3009 ecclesiastica
855 2959 921 3010 nac
934 2948 1089 3010 curatur.
1103 2939 1193 3010 Sane
1207 2960 1286 3010 cunr
1301 2937 1435 3010 dudum
1451 2939 1626 3012 exercitus

213 3056 420 3130 christianus
442 3059 503 3152 qui
522 3081 648 3154 capere
661 3060 889 3155 Babyloniam
902 3061 1122 3151 intendebat,
1140 3061 1205 3132 luit
1219 3063 1264 3132 ab
1279 3061 1381 3154 aquis
1396 3060 1466 3132 Nili
1483 3081 1623 3133 exores·

215 3181 374 3254 centibus
390 3183 621 3278 interceptus,
637 3204 754 3255 nonne
770 3183 907 3256 soldani
927 3185 1193 3257 mansuetudine
1209 3186 1358 3256 relectus
1374 3195 1427 3256 est
1443 3185 1573 3280 pabulo
1589 3193 1624 3256 et

211 3302 393 3378 incolumis
404 3315 459 3378 est
469 3317 627 3379 servatus
641 3307 873 3400 remissusque
891 3307 938 3379 ad
951 3308 1089 3404 propria
1103 3309 1177 3380 sine
1191 3309 1332 3399 damno,
1346 3308 1406 3378 ubi
1421 3311 1520 3379 erant
1531 3309 1623 3380 bone

214 3428 380 3500 memorie
394 3428 556 3502 dominus
567 3429 775 3502 albanensis
791 3440 826 3503 et
840 3429 1031 3504 Aeonensis
1048 3432 1200 3528 episcopi
1218 3441 1254 3504 et
1269 3431 1412 3526 quidam
1427 3432 1485 3503 alii
1501 3451 1623 3528 preeu-

214 3551 264 3622 les
289 3561 326 3622 et
348 3552 473 3646 prelati
501 3563 536 3624 et
558 3552 651 3624 clare
679 3554 844 3626 memorie
869 3575 935 3626 rex
954 3554 1168 3626 Hierusalem
1188 3556 1362 3628 lohannes
1386 3554 1432 3627 de
1454 3555 1624 3629 Bresnesi’

213 3674 337 3746 Nonne
350 3674 479 3770 inclyte
494 3675 741 3756 recordationis
756 3677 917 3750 domiuus
930 3677 1103 3750 lohannes
1117 3679 1161 3752 de
1175 3679 1340 3752 Columna
1354 3677 1536 3773 presbyter
1547 3699 1623 3750 car·

213 3797 338 3869 diualis
348 3799 409 3892 qui
422 3821 501 3869 oum
510 3799 718 3896 imperatore
733 3799 1110 3897 Constantinopolitano
1121 3803 1167 3874 ad
1179 3803 1334 3874 Greciam
1348 3801 1623 3895 recuperandam

213 3922 417 4015 intraverat,
433 3935 555 4021 captus
570 3948 591 3999 a
607 3925 789 4000 Theodoro
804 3927 957 4000 Cumano
981 3939 1181 4001 reverenter
1198 3938 1363 4000 tractatus
1380 3937 1432 3998 est
1449 3937 1484 3998 et
1502 3927 1621 3999 dimis-

213 4049 292 4118 sus?
307 4049 397 4120 Eece
416 4049 584 4121 sevissimi
604 4049 713 4122 hostis
731 4050 864 4122 insania
885 4073 955 4123 non
977 4062 1139 4124 contenta
1153 4049 1207 4123 his
1223 4052 1337 4141 malie,
1355 4073 1418 4146 per
1433 4052 1621 4123 Saracenos

213 4170 423 4265 prophanari
438 4173 520 4245 lecit
533 4174 714 4266 ecclesias,
731 4175 851 4247 subrui
865 4175 1001 4267 altaria,
1017 4176 1133 4272 spargi
1145 4177 1309 4271 reliquias
1323 4185 1359 4248 et
1370 4177 1404 4246 in
1420 4175 1504 4246 locis
1516 4173 1622 4246 saeris

214 4296 431 4390 constuprari
445 4296 648 4370 christianas
661 4297 826 4392 virgines,
837 4299 961 4370 viduas
977 4321 1056 4371 cum
1073 4301 1253 4372 maritatis.
1268 4300 1360 4387 Quin
1376 4299 1481 4370 etiam
1497 4297 1542 4370 de
1557 4317 1621 4369 suo

214 4419 379 4492 mandato
397 4420 520 4492 iratres
536 4421 687 4493 minores
704 4421 833 4514 aliique
850 4422 916 4494 viri
934 4422 1085 4516 religiosi
1105 4423 1165 4517 qui
1180 4424 1226 4497 ad
1243 4423 1398 4496 dandum
1415 4421 1623 4517 penitentias

256 4679 296 4760 (a)
319 4681 357 4744 ln
369 4685 512 4762 impresso
522 4681 742 4746 murtena
