4352 5940
212 607 376 686 nmsq
656 605 1174 676 ursronrsnreoousrros.
1562 609 1620 676 sor

213 741 413 814 mandanda
425 739 575 814 fidelitas
589 761 656 814 nos
672 763 694 814 a
711 739 897 836 magnifico
909 746 987 821 viro
1006 747 1148 821 domino
1168 747 1212 820 ll.
1226 745 1351 820 illustri
1364 763 1447 839 rege
1466 745 1624 820 Sardinia

213 866 386 961 recepisse
404 866 521 938 literas
541 866 580 938 in
600 865 666 938 hac
686 867 797 938 torma
813 887 823 935 c
845 865 960 941 Nobili
974 869 1051 942 viro
1067 869 1241 943 Friderioo
1260 869 1306 942 de
1319 868 1518 961 Antiochia,
1536 879 1622 964 stc,

213 987 383 1060 llenricru
395 987 457 1060 ltei
473 996 509 1059 et
522 987 692 1084 imperiali
712 989 823 1082 moa
840 1009 906 1064 rex
919 989 1080 1064 Turrium
1101 1002 1137 1066 et
1150 993 1298 1082 Galluri,
1315 1001 1384 1066 etc.
1404 994 1550 1066 Litteras
1569 1013 1624 1066 se·

214 1109 385 1182 senissimi
399 1111 509 1206 patris
527 1112 638 1184 nostri
655 1113 848 1208 recepimus
867 1114 904 1185 in
924 1115 989 1188 hac
1005 1115 1116 1188 torma
1131 1115 1374 1208 :Fredericus,
1389 1125 1445 1188 eto
1449 1169 1621 1189 .....

213 1233 379 1306 volentes
393 1233 498 1326 igitur
510 1235 667 1330 predicta
680 1237 797 1308 omnia
813 1257 893 1308 cnm
909 1239 1086 1311 celeritate
1103 1259 1173 1332 que
1185 1237 1351 1312 convenit
1367 1240 1508 1331 exequi,
1521 1250 1627 1334 prout

215 1355 329 1448 decet,
344 1377 410 1430 vos
423 1378 489 1453 pro
503 1367 603 1452 parte
619 1358 830 1430 serenissimi
849 1361 958 1454 patris
976 1363 1085 1434 nostri
1101 1363 1272 1434 instanter
1287 1359 1511 1455 requirimus,
1528 1373 1624 1436 etex

215 1489 333 1552 nostra
355 1501 518 1574 rogamus
535 1482 702 1554 attentius
717 1491 754 1554 et
768 1482 950 1555 hortamur
965 1495 1138 1578 quateruu
1157 1486 1273 1558 statim
1288 1485 1436 1581 receptis
1453 1486 1624 1580 presenti·

215 1603 281 1676 bus
303 1623 401 1678 more
425 1605 546 1695 solito,
571 1603 722 1677 fideliter
742 1616 777 1678 et
803 1605 929 1680 devota
962 1608 1053 1682 circa
1082 1609 1218 1705 imperii
1240 1609 1408 1702 obsequia
1429 1609 1625 1681 animorum

216 1736 411 1800 sessorum
425 1749 545 1800 curam
560 1729 701 1821 vigilem
715 1726 941 1821 adhibentes,
954 1733 1059 1804 armis
1074 1741 1110 1804 et
1125 1733 1224 1828 equis
1241 1741 1447 1828 apparatum
1466 1732 1625 1805 laudabi-

216 1852 284 1924 lem
304 1849 451 1943 metatis,
468 1852 764 1947 quemadmodum
789 1873 955 1946 magnum
972 1863 1096 1928 ettam
1116 1855 1250 1949 mande
1263 1855 1447 1949 negocium
1470 1855 1628 1951 exposcit

216 1975 262 2048 ad
279 1995 440 2070 presens;
459 1974 509 2048 ita
523 1975 620 2068 quod
634 1976 681 2049 ad
695 1976 800 2049 aliam
816 1977 1078 2070 requisitionem
1095 1989 1165 2051 tam
1184 1978 1333 2052 fideliter
1345 1999 1449 2073 quam
1467 1981 1625 2054 laudabi-

216 2097 377 2171 literana
389 2097 584 2190 nobiscnm,
597 2099 628 2171 si
643 2118 732 2195 opus
745 2097 848 2172 tuerit
864 2117 928 2195 pro
946 2099 1124 2196 predictis,
1138 2109 1178 2174 nt
1190 2102 1366 2190 convenit,
1388 2103 1548 2176 veniatis.

273 2659 464 2744 Golliidus
482 2658 703 2766 (latalanus,
719 2657 926 2768 imperialis
937 2655 1171 2768 justiciarius
1188 2657 1424 2766 Principatus
1446 2671 1485 2743 et
1504 2673 1626 2746 terrae
1674 2683 1803 2792 syqus

219 2794 518 2894 Beneventanus,
537 2793 746 2880 Iohannem
778 2791 996 2902 Trogisium
1031 2790 1231 2902 syndicum
1263 2794 1523 2878 universitatis
1542 2797 1624 2880 ho·

219 2926 369 3010 minum
389 2925 528 3010 casulis
544 2925 674 3008 Sancti
692 2924 791 3008 Petri
812 2924 862 3008 de
878 2923 984 3008 Polla
1009 2948 1080 3033 pro
1097 2933 1205 3031 parte
1227 2922 1399 3032 ipsorum
1422 2925 1624 3010 hominum

221 3058 268 3142 ab
298 3057 533 3168 impetitione
556 3057 748 3142 Laurentii
776 3056 922 3166 syndici
947 3055 1201 3139 universitatis
1226 3057 1341 3139 castri
1366 3057 1509 3168 Pollae,
1541 3061 1623 3142 sci·

222 3190 306 3276 lioet
322 3191 371 3274 de
387 3187 729 3274 communicatione
745 3187 1004 3294 collectarum,
1025 3186 1199 3269 absolvit.

302 3417 426 3495 (lnedtt.
443 3433 482 3478 cx
495 3415 616 3476 archivo
629 3419 758 3477 monast.
772 3413 923 3488 Cavenda,
938 3415 1059 3492 ortgln,
1072 3429 1147 3475 mm.
1162 3412 1207 3488 u,
1222 3419 1256 3474 n⁰
1270 3421 1362 3475 to·
1373 3411 1420 3478 Gt.
1437 3415 1624 3495 privilegium

339 3521 481 3584 Frtderlcl
494 3523 679 3599 imperatorts
692 3521 730 3581 de
748 3520 908 3593 reesdom,
923 3519 961 3580 ed
980 3535 1051 3582 anu.
1070 3526 1160 3592 12⁸5,
1172 3535 1272 3581 mense
1292 3521 1402 3597 martti,
1417 3521 1498 3598 quod
1517 3538 1624 3602 snpra,

339 3633 366 3690 r.
379 3627 436 3702 tv,
449 3643 478 3705 p
493 3635 553 3690 ssa
566 3621 748 3707 mnuemr.)

269 3827 373 3901 Anno
386 3825 559 3900 dominice
572 3824 816 3898 incarnationis
828 3823 1013 3897 millesimo
1025 3823 1262 3896 ducentesimo
1276 3824 1541 3920 quadragesimo
1554 3852 1628 3926 sep

224 3951 320 4042 hmo,
340 3950 398 4023 die
410 3949 502 4042 jovis
515 3959 640 4024 octavo
655 3947 791 4022 decimo
800 3947 892 4041 julii,
909 3949 1028 4042 quinte
1048 3947 1261 4039 indictionis,
1279 3948 1470 4044 imperanto
1486 3953 1627 4025 domino

222 4085 340 4148 nostro
362 4073 535 4146 Friderioo
554 4073 618 4145 Dei
639 4072 749 4164 gratia
768 4071 992 4144 invictissimo
1011 4069 1244 4146 Romanorum
1264 4069 1472 4167 imperatore
1490 4096 1628 4171 semper

223 4207 382 4292 augusto,
392 4197 584 4272 temsatem
596 4203 633 4270 st
644 4196 758 4269 Sicilie
773 4216 856 4286 rege
871 4195 1029 4285 feliciter,
1037 4215 1153 4268 amen.
1163 4196 1253 4266 Dum
1269 4217 1334 4268 nos
1347 4196 1518 4268 Goliridus
1533 4199 1628 4270 Cata·

223 4322 337 4410 lenus,
353 4321 542 4416 imperialis
553 4319 763 4413 justiciarius
781 4317 996 4414 Principatus
1012 4329 1048 4390 et
1065 4327 1156 4392 terre
1169 4319 1432 4410 Beneventano,
1454 4319 1550 4415 cpud
1570 4324 1629 4394 Se·

223 4445 358 4517 lornum
385 4445 516 4516 curiam
537 4464 758 4535 regeremus,
773 4441 947 4514 assidente
970 4441 1070 4514 nobis
1090 4439 1255 4532 magistro
1274 4443 1376 4515 Petro
1392 4440 1436 4514 de
1452 4443 1568 4540 Capua
1583 4445 1629 4519 de

223 4567 392 4664 imperiali
415 4566 580 4640 mandato
606 4566 643 4638 in
663 4563 893 4658 justiciariatu
913 4565 1050 4657 judice,
1067 4564 1243 4636 lohannes
1267 4565 1441 4656 Trogisius
1465 4569 1630 4663 syndicus

223 4689 644 4764 universitatishominum
658 4689 780 4761 casalis
791 4687 906 4760 Sancti
919 4687 1009 4759 Petri
1024 4688 1069 4760 de
1084 4689 1178 4760 Polla
1193 4688 1291 4782 petiit
1302 4709 1323 4760 a
1335 4689 1437 4762 nobie
1452 4712 1516 4785 pro
1532 4702 1630 4786 parte
