4318 5904
811 561 1122 625 neutralium.
1605 569 1669 632 905

258 727 391 788 meum
407 700 529 786 Peche
550 697 705 782 nuntios
730 695 878 778 mittere
907 722 995 779 cum
1021 706 1205 807 potestate
1231 698 1387 782 ineundi
1410 694 1544 784 foedus
1569 701 1669 786 inter

260 864 302 923 se
318 849 357 922 et
373 836 640 946 imperatorem
657 831 849 914 eumdem.

343 1076 438 1158 (eutr.
453 1094 503 1155 ap.
517 1077 639 1150 Rauen,
654 1071 792 1149 Padus,
807 1065 922 1134 litterae
934 1077 963 1134 ct
975 1079 1043 1134 acta
1050 1071 1180 1154 milda,
1195 1079 1219 1137 t.
1236 1077 1263 1156 1,
1278 1094 1309 1155 p.
1324 1083 1393 1138 tlt.
1411 1075 1457 1139 Gt.
1470 1077 1593 1142 alteram
1607 1083 1668 1157 ept-

380 1182 487 1245 stolam
498 1198 587 1260 qaam
601 1196 691 1258 snpra
706 1180 863 1258 edldlmns,
878 1196 908 1258 p.
926 1178 990 1259 tr.)

307 1399 458 1474 Domino
476 1396 676 1494 imperatori
697 1395 885 1486 Henricus,
905 1395 968 1468 Dei
986 1397 1097 1487 gratia
1115 1418 1180 1469 rex
1195 1395 1337 1490 Anglie,
1356 1408 1440 1491 etc,
1462 1401 1610 1473 salutem
1632 1413 1668 1476 et

261 1525 414 1597 fraterne
433 1519 628 1595 dilectionis
642 1540 779 1614 semper
795 1529 1034 1612 augmentum.
1051 1519 1218 1592 Mittimus
1236 1520 1282 1592 ad
1303 1543 1365 1593 vos
1386 1522 1588 1616 magistrum
1603 1525 1668 1596 Pe·

262 1659 353 1722 tram
375 1647 421 1720 de
436 1645 630 1737 Burdegala
646 1652 682 1715 et
698 1642 979 1715 Bartholomenm
996 1644 1041 1717 de
1057 1643 1169 1716 Peehe
1185 1645 1231 1716 ad
1249 1645 1467 1718 tractandum
1488 1647 1668 1719 vobiscum

261 1755 367 1868 nuper
390 1769 598 1864 quibusdam
627 1768 801 1861 articulis,
830 1768 874 1841 de
902 1768 1029 1861 quibus
1060 1768 1247 1861 aliquando
1273 1792 1337 1864 per
1362 1771 1508 1844 nuncios
1533 1783 1668 1846 vestros

262 1905 430 1971 tractatus
442 1893 580 1966 habitus
598 1893 662 1965 luit
678 1893 877 1983 nobiscum3
898 1891 1120 1965 serenitatem
1141 1902 1293 1964 vestram
1312 1905 1473 1986 rogantes
1494 1906 1668 1989 qnatenus

261 2043 368 2118 super
387 2019 455 2091 illis
479 2039 547 2113 que
575 2027 739 2113 exparte
768 2028 887 2090 nostra
913 2016 1013 2089 vobis
1037 2015 1282 2112 exposuerint,
1305 2014 1411 2090 fidem
1436 2019 1665 2092 indubitatam

261 2143 427 2217 adhibere
442 2142 557 2216 velitis
573 2141 718 2214 eisdem.
1546 2163 1548 2170 ¹

310 2269 411 2340 Teste
427 2287 510 2360 rege
528 2265 622 2362 apud
635 2267 848 2356 Xanctonas,
868 2265 959 2338 xvtt
975 2264 1034 2338 die
1042 2265 1132 2359 junii
1150 2262 1255 2363 [anno
1271 2265 1406 2366 XXVl].

310 2530 387 2602 Rex
401 2526 580 2616 omnibns,
598 2536 683 2618 cte,
696 2527 866 2631 salutem.
882 2525 1006 2598 Sciatis
1021 2524 1117 2618 quod
1130 2525 1272 2621 plenam
1286 2537 1493 2621 potestatem
1508 2529 1668 2604 dedimus

262 2653 428 2748 magistro
442 2653 544 2724 Petro
563 2650 608 2722 de
624 2650 819 2743 Burdogala
836 2660 873 2722 et
886 2650 1130 2722 Bartholomeo
1151 2650 1264 2722 Peche
1284 2653 1340 2722 vel
1361 2652 1460 2723 alteri
1481 2673 1619 2747 eorum,
1637 2657 1667 2728 si

263 2777 365 2850 ambo
379 2783 559 2872 presentes
572 2795 641 2846 non
660 2773 801 2862 luerint,
820 2773 963 2847 ineundi
978 2774 1079 2847 ledus
1092 2774 1183 2845 inter
1196 2775 1409 2846 carissimum
1426 2777 1566 2849 tratrem
1585 2801 1666 2852 nos·

264 2911 354 2974 trum
375 2899 632 2972 serenissimum
653 2897 844 2994 principem
861 2897 1080 2970 Fredericum
1104 2898 1339 2972 Romanomm
1363 2901 1605 2997 imperatorem
1631 2915 1668 2978 et

263 3048 327 3098 nos
345 3054 353 3098 ε
372 3023 469 3117 qnod
484 3044 548 3095 nos
560 3023 674 3117 ipsum
689 3022 932 3118 imperatorem
942 3023 1066 3115 juvare
1083 3022 1275 3096 debeamus
1292 3025 1338 3098 ad
1349 3026 1429 3117 jura
1445 3046 1507 3097 sua
1523 3029 1664 3122 perqui-

263 3150 372 3224 renda
391 3156 512 3221 eontra
525 3169 646 3220 omnes
662 3147 837 3236 homines,
856 3157 890 3218 et
905 3147 1001 3241 quod
1017 3147 1110 3218 idem
1127 3147 1315 3244 imperator
1330 3148 1406 3222 viee
1426 3171 1527 3222 versa
1542 3153 1667 3244 juvare

264 3276 390 3349 debeat
411 3294 476 3344 nos
497 3271 542 3343 ad
558 3273 640 3364 jura
653 3280 771 3342 nostra
785 3270 1018 3366 perquirenda
1037 3280 1158 3342 contra
1174 3293 1295 3344 omnes
1312 3272 1483 3347 homines.
1508 3278 1547 3348 ln
1567 3279 1667 3371 cnjus

263 3401 313 3473 rei
328 3395 584 3488 testimonium,
604 3405 673 3468 etc.

311 3525 411 3595 Teste
428 3540 510 3613 rege
528 3519 623 3615 apud
635 3520 848 3610 Xanctonas,
865 3519 896 3592 V
912 3519 968 3592 die
981 3519 1072 3612 julii,
1092 3542 1157 3617 per
1171 3521 1333 3595 comitem
1346 3521 1511 3616 Marchie,
1526 3545 1590 3620 per
1606 3547 1666 3597 co·

263 3647 382 3720 mitem
395 3643 555 3718 Flandrie
572 3653 607 3716 et
620 3642 777 3715 Hauonie
795 3652 830 3714 et
846 3664 910 3738 per
924 3643 1085 3716 comitem
1101 3644 1299 3718 Ricardum.

315 4243 520 4353 Henricus,
547 4243 707 4356 Angliae
731 4269 817 4351 rex,
840 4242 1031 4328 Friderioo
1054 4242 1273 4353 imperatori
1297 4243 1542 4354 conqueritur
1561 4247 1668 4354 quod
1702 4236 1864 4387 ”siffis

262 4403 389 4463 comes
425 4378 635 4463 Tolosanus
664 4387 750 4490 post
775 4377 909 4462 foedus
937 4376 1154 4460 solemniter
1184 4377 1323 4459 initum
1346 4401 1369 4459 a
1392 4375 1570 4460 fidelitate
1598 4405 1669 4464 sua
1745 4345 1843 4443 '33³¹

262 4512 457 4596 recesserit
484 4523 521 4595 et
546 4513 628 4622 regi
651 4509 831 4594 Franciae
858 4509 1074 4595 adversario
1099 4534 1170 4593 suo
1197 4509 1427 4615 adhaeserit,
1450 4509 1669 4619 supplicans

263 4646 368 4756 quod
395 4645 467 4729 sibi
492 4645 696 4729 consilium
722 4643 901 4755 praebeat
926 4651 1184 4754 opportunum
1209 4652 1247 4726 et
1272 4641 1409 4726 ultima
1434 4641 1551 4728 verba
1578 4644 1668 4730 Isa-
