4318 5904
497 555 561 618 922
1046 552 1360 618 tantustantus.

501 692 721 788 exemplum,
741 689 770 762 si
787 688 928 762 dilectio
950 687 1080 762 conlisa
1099 692 1335 782 contunditur,
1359 693 1387 764 si
1403 713 1586 788 processus
1599 697 1906 791 contempniturin

500 836 619 888 amore
636 813 837 903 continuus,
856 813 884 884 si
899 813 1024 885 caritas
1038 823 1114 885 aret
1131 815 1233 888 solito
1248 815 1387 907 viridis,
1403 816 1432 888 si
1446 817 1578 890 amicus
1595 818 1708 892 arnico
1729 817 1780 916 (o)
1799 821 1911 914 loqui·

501 949 573 1029 tur,
602 938 631 1011 si
663 958 760 1010 amor
786 936 940 1009 fervidus
968 938 1195 1033 perpenditur
1224 939 1393 1012 viciatus?
1420 941 1644 1012 Suntne-ista
1668 941 1908 1037 insigniaque

502 1064 725 1156 requimntur
740 1061 775 1132 iu
792 1060 977 1134 tratribus?
999 1065 1132 1134 Suntne
1156 1063 1221 1134 ista
1243 1063 1396 1135 misteria
1414 1085 1484 1156 que
1497 1064 1629 1159 puritas
1644 1065 1753 1157 exigit
1768 1066 1804 1136 iu
1819 1066 1907 1138 ami·

501 1187 575 1260 cis?
594 1189 665 1259 Hos
684 1187 800 1259 forsan
821 1197 958 1258 vetusta
978 1186 1167 1258 Grecomm
1182 1197 1218 1258 et
1232 1188 1425 1283 approbata
1438 1188 1618 1260 sinceritas
1632 1190 1676 1262 de
1689 1190 1814 1262 arbore
1827 1187 1908 1262 fidei

502 1316 635 1387 tructus
652 1311 780 1403 legavit
793 1310 838 1382 ad
855 1321 1030 1406 posteros,
1051 1319 1091 1381 ut
1113 1320 1168 1401 tu,
1190 1333 1293 1404 quem
1314 1322 1478 1405 tanquam
1494 1309 1542 1407 (11)
1558 1333 1737 1384 successor
1750 1311 1909 1407 ydoneus

502 1437 654 1533 stipitem
675 1434 856 1506 dediscere
877 1433 1067 1526 nescimus,
1087 1434 1252 1528 ejusdem
1274 1435 1360 1528 legis
1388 1435 1529 1508 semitas
1558 1435 1712 1508 imiteris.
1745 1436 1909 1529 Recogita

500 1579 604 1652 ergo,
633 1558 753 1648 frater,
784 1565 820 1628 et
844 1579 952 1653 pensa
973 1557 1059 1653 quid
1081 1558 1220 1649 leceris3
1257 1559 1371 1651 cogita
1394 1559 1423 1630 si
1447 1579 1569 1652 gerere
1585 1559 1635 1632 sic
1648 1581 1727 1632 cnm
1745 1561 1859 1631 amico
1875 1569 1909 1632 te

501 1682 640 1772 decuit,
664 1681 694 1752 si
715 1682 761 1753 de
781 1681 897 1753 fratris
918 1681 1085 1777 amplexu
1102 1681 1176 1753 sine
1192 1683 1287 1774 justa
1299 1703 1404 1754 causa
1419 1682 1535 1753 sinum
1548 1682 1721 1755 discutere
1734 1684 1837 1756 civile
1853 1683 1908 1754 vel

502 1807 587 1877 utile
599 1805 772 1896 videatur,
790 1805 851 1876 ubi
865 1804 979 1876 fratris
995 1805 1176 1900 presertim
1189 1804 1389 1901 incorrupta
1406 1807 1573 1878 serenitas
1586 1827 1634 1878 ex
1645 1807 1774 1879 amoris
1786 1808 1909 1897 odore,

502 1953 606 2024 quem
626 1929 751 2002 caritas
768 1929 814 2026 (i)
832 1930 867 2000 in
879 1930 1021 2001 fratrem
1036 1929 1197 2018 inseruit,
1214 1950 1304 2022 eque
1313 1929 1507 2001 dilectionis
1515 1929 1677 2002 meritum
1687 1930 1908 2026 expectabat.

502 2053 689 2127 Revertere
717 2075 800 2148 ergo
822 2052 868 2125 ad
896 2053 1052 2149 primove
1075 2051 1227 2124 caritatis
1248 2053 1432 2145 interulas,
1464 2063 1500 2126 et
1524 2075 1604 2126 cum
1629 2053 1712 2125 satis
1729 2075 1791 2150 per
1806 2053 1910 2147 hujus

503 2179 644 2252 semitas
675 2177 801 2250 erroris
838 2177 1037 2267 incesseris,
1069 2177 1218 2273 amplius
1249 2178 1428 2250 ambulare
1461 2177 1625 2272 desipias.
1658 2177 1715 2248 Sic
1742 2176 1911 2250 hactenus

503 2303 649 2398 gessisse
686 2313 720 2375 te
753 2301 904 2398 pudeat,
941 2324 981 2373 ac
1014 2323 1144 2375 novum
1173 2300 1297 2374 induas
1324 2301 1501 2374 homiuem
1533 2302 1593 2396 qui
1623 2301 1910 2374 reconciliationis

500 2428 600 2521 virga
618 2425 664 2524 (c)
683 2438 716 2500 te
732 2428 904 2520 corrigat,
925 2437 961 2498 et
975 2447 1055 2498 oum
1069 2448 1133 2522 per
1147 2425 1404 2518 ingratitudinis
1419 2425 1470 2522 (d)
1482 2426 1611 2500 vicium
1624 2426 1659 2496 in
1671 2427 1815 2498 stadem
1827 2445 1910 2521 pec·

504 2548 653 2639 caveris,
674 2568 762 2620 cneo
779 2545 1024 2620 dominationis
1039 2544 1085 2644 (e)
1099 2547 1224 2619 haculo
1241 2556 1275 2617 te
1290 2546 1447 2640 castiget.

710 2835 1702 2850 ffl--m———q-..u

316 3119 460 3172 [maiar.
559 3102 791 3206 Fridericus,
819 3099 1080 3182 Romanorum
1109 3095 1328 3206 imperator,
1356 3093 1497 3180 deamo
1524 3120 1592 3177 seu
1618 3091 1815 3201 capitaneo
1842 3115 1912 3174 suo

332 3174 443 3226 exeram]

506 3237 728 3348 respondet,
748 3231 1021 3316 commendans
1044 3256 1133 3313 eum
1160 3230 1209 3313 de
1233 3253 1413 3338 processu
1444 3225 1575 3312 habito
1606 3252 1675 3337 per
1698 3251 1787 3308 eum
1813 3222 1914 3306 circa

506 3372 694 3456 civitatem
714 3365 889 3470 Taurini,
915 3375 954 3447 et
971 3363 1131 3446 mandat
1151 3363 1315 3472 qualiter
1333 3363 1383 3445 sit
1398 3385 1644 3471 processurus
1661 3359 1710 3442 de
1726 3355 1914 3440 militibus

505 3501 778 3615 jurisdictionis
798 3524 889 3581 suae
910 3497 950 3578 in
968 3497 1078 3606 equis
1094 3505 1133 3579 et
1156 3496 1274 3578 armis
1294 3493 1540 3578 instruendis.

590 3731 685 3812 (Edit.
704 3730 736 3790 ln
748 3725 834 3789 Petri
845 3724 880 3787 ds
895 3725 961 3788 Via.
976 3726 1074 3806 epist„
1089 3723 1141 3786 ltb.
1158 3724 1216 3804 111,
1229 3740 1296 3801 cap.
1310 3721 1492 3794 Lxxxmt,
1505 3726 1535 3781 et
1548 3717 1600 3781 ab.
1615 3715 1657 3796 V,
1670 3733 1736 3796 cap.
1752 3712 1831 3793 cn.)

557 3936 728 4009 Consueta
752 3927 966 4021 benignitate
987 3925 1118 4020 recepit
1141 3925 1348 3998 excellentia
1370 3931 1488 3995 nostra
1508 3921 1627 3992 literas
1648 3940 1710 4013 per
1733 3925 1767 3989 te
1793 3924 1915 3987 nostro

509 4059 653 4137 culmini
677 4055 886 4144 destinatas,
913 4060 951 4124 et
970 4050 1122 4124 vidimus
1143 4049 1296 4144 ipsarum
1320 4045 1569 4122 continentiam
1588 4042 1787 4136 diligenter.
1802 4041 1918 4136 Super

549 4276 593 4357 (a)
610 4274 674 4353 ⁸¹⁰3
690 4275 797 4334 rectius
809 4277 910 4332 nmen
922 4275 957 4329 ut
969 4266 1102 4340 videtur,
1118 4265 1245 4326 mico.

550 4379 592 4464 (1)
613 4383 648 4443 tu
662 4381 761 4442 codice
773 4383 869 4439 toton
880 4393 990 4457 m:
1002 4374 1083 4452 quod
1095 4375 1217 4434 ourntuo
1229 4387 1320 4434 sensu
1332 4376 1423 4433 earet.

549 4485 590 4569 (c)
616 4487 729 4548 ratden
735 4485 825 4566 joar.

549 4592 594 4675 (d)
616 4591 728 4654 lbtdem
741 4585 962 4672 acritudine

549 4699 589 4782 (a)
616 4699 729 4760 lbtdem
742 4715 844 4758 mm
857 4693 1033 4760 amulone.
1046 4692 1200 4756 Credimus
1214 4687 1255 4753 ad
1267 4691 1383 4771 rugam
1398 4701 1521 4750 meum
1533 4683 1638 4748 alludi.
