4300 5916
511 637 573 702 aaa
1035 637 1219 702 counanr
1241 637 1394 714 ourxrr
1467 627 1470 634 ’
1727 636 1810 716 [nn.
1829 637 1915 698 rear.

513 762 739 848 monialium
765 764 1021 850 Cisteroiensis
1042 765 1188 850 ordinis
1212 767 1315 876 apud
1340 765 1521 848 Baindta
1545 763 1719 846 Conrado
1740 763 1918 874 pincerna

512 897 560 981 de
577 896 861 980 Winterstetten
879 897 1049 1007 ejusdem
1073 898 1273 986 fundatore
1289 923 1488 982 concessas
1505 895 1724 1004 confirmat,
1744 896 1919 1007 idemque

512 1042 550 1114 et
567 1030 722 1139 praedia
738 1030 822 1140 ejus
838 1030 888 1113 ab
901 1029 1004 1111 omni
1024 1029 1112 1140 jure
1130 1032 1347 1116 advocatiae
1364 1030 1508 1114 eximit.

594 1244 848 1323 (Extruotpotlus
857 1262 946 1323 quam
958 1245 1071 1307 editum
1079 1248 1109 1306 ln
1118 1243 1236 1328 Beiiope
1248 1263 1317 1306 mm
1327 1243 1433 1306 Arellio
1437 1243 1498 1326 sur
1505 1241 1611 1305 [lunda
1621 1248 1724 1304 catur.
1738 1241 1850 1322 dact,
1861 1243 1918 1306 No-

632 1359 801 1433 tlzenblatt,
823 1369 857 1418 n⁰
877 1366 928 1434 ²0,
952 1367 1040 1436 1851,
1058 1377 1089 1438 p.
1113 1368 1187 1434 aab,
1206 1377 1244 1420 ex
1262 1367 1448 1438 transumpto
1468 1363 1540 1420 unul
1560 1367 1646 1420 1727.
1668 1360 1820 1436 Integrum
1840 1375 1919 1419 noue

632 1465 746 1525 edlmm
761 1482 799 1525 ax
813 1464 948 1542 originali
962 1464 1041 1542 apud
1051 1465 1171 1540 Baindt,
1186 1470 1273 1544 eujus
1285 1469 1399 1543 copiam
1413 1465 1569 1527 nobiseum
1582 1465 1740 1526 liberaliter
1755 1466 1918 1525 commum·

633 1571 713 1630 eavit
725 1571 771 1629 vir
784 1568 916 1629 eruditus
929 1567 1078 1648 Kausler.)

561 1757 739 1832 Corradus
760 1756 833 1830 divi
848 1756 986 1850 augusti
1002 1757 1219 1852 imperatoris
1234 1757 1396 1831 Fridorici
1415 1757 1529 1847 tilius,
1549 1756 1612 1830 Dei
1627 1757 1738 1850 gratia
1752 1757 1919 1830 Romano·

513 1905 591 1955 rum
608 1883 643 1954 in
660 1902 776 1973 regem
790 1883 922 1953 electus
935 1903 1072 1975 semper
1085 1893 1254 1974 augustus
1266 1891 1302 1954 et
1312 1881 1414 1954 heres
1428 1882 1739 1974 regoilorusalem,
1751 1879 1919 1952 universis

512 2006 648 2101 imperii
679 2003 839 2076 fidelibus
862 2026 1004 2101 presens
1032 2005 1196 2100 scriptum
1226 2006 1442 2078 intuentibus
1464 2007 1611 2099 gratiam
1638 2026 1735 2077 suam
1763 2013 1798 2075 et
1818 2025 1919 2075 omne

513 2129 657 2203 bonum.
683 2129 788 2222 Regia
805 2128 998 2200 sublimitas
1023 2139 1106 2200 tunc
1129 2130 1316 2224 praecipue
1338 2130 1391 2201 sui
1415 2130 1565 2202 nominis
1589 2129 1705 2200 titulos
1727 2129 1870 2223 ampliat
1887 2137 1922 2200 et

515 2254 665 2344 extollit,
683 2275 761 2325 cum
779 2253 814 2323 in
825 2253 953 2336 virtute
964 2253 1028 2324 Dei
1043 2272 1107 2348 per
1122 2275 1226 2345 quem
1245 2253 1429 2325 sublimata
1445 2263 1499 2325 est
1516 2274 1681 2349 personas
1694 2252 1871 2344 religiosas
1888 2260 1922 2322 et

515 2379 592 2449 loca
615 2377 733 2449 divino
753 2377 862 2448 cultui
884 2377 1079 2471 mancipata
1099 2377 1156 2471 pia
1183 2378 1307 2449 mentis
1322 2378 1503 2450 allectione
1521 2377 1670 2474 protegit
1691 2397 1734 2448 ac
1756 2385 1872 2448 luetur
1887 2387 1922 2447 et

516 2521 638 2573 eorum
674 2500 776 2591 justis
806 2501 1030 2596 petitionibus
1056 2523 1093 2572 se
1118 2501 1272 2573 inclinat.
1303 2501 1521 2597 Quapropter
1562 2500 1778 2573 universitati
1807 2508 1920 2571 vestre

515 2625 659 2718 dignum
675 2624 840 2696 duximus
856 2623 1104 2697 declarandum
1124 2624 1219 2716 quod
1235 2647 1314 2696 cum
1330 2625 1507 2698 Comedus
1523 2625 1689 2719 pincerna
1712 2623 1756 2696 de
1770 2623 1919 2695 Winter-

515 2757 641 2838 steten‚
658 2747 835 2818 familiaris
849 2757 883 2818 et
899 2745 1010 2817 fidelis
1025 2755 1157 2836 noster,
1174 2748 1219 2820 ad
1236 2748 1358 2820 laudes
1372 2749 1435 2820 Dei
1449 2748 1519 2819 vivi
1531 2749 1597 2819 sub
1610 2745 1920 2839 culluotreliff'one

514 2871 749 2945 cisterciensis
772 2869 902 2943 ordinis
924 2872 1112 2941 claustrum
1139 2871 1339 2944 monialium
1367 2872 1403 2942 in
1430 2870 1538 2943 fundo
1563 2871 1781 2965 proprietatis
1803 2890 1864 2942 sue
1885 2868 1920 2940 in

516 2996 600 3068 villa
614 2995 768 3084 biunde,
789 2993 833 3064 de
851 2992 982 3064 domini
998 3005 1034 3064 et
1054 2993 1161 3088 patris
1174 2996 1282 3066 nostri
1299 2994 1461 3067 Friderici
1478 2995 1549 3067 divi
1563 2995 1793 3066 Romanorum
1812 2994 1920 3089 impe-

516 3119 639 3190 ratoris
656 3117 800 3190 secundi
818 3115 1004 3188 donatione
1019 3126 1054 3188 et
1069 3139 1253 3208 consensu,
1270 3118 1359 3191 sicut
1374 3119 1410 3188 in
1431 3119 1505 3210 ejus
1523 3118 1645 3190 litteris
1659 3119 1794 3213 plenius
1813 3117 1921 3190 conti-

516 3253 632 3330 netur,
653 3250 689 3312 et
706 3262 752 3312 ex
766 3251 885 3312 nostra
901 3240 1040 3311 licentia
1058 3241 1204 3313 feliciter
1219 3243 1403 3330 erexisset,
1419 3242 1543 3337 petivit
1559 3242 1692 3314 anobis
1706 3251 1746 3312 ut
1761 3242 1920 3314 eumdem

517 3365 630 3436 locum
647 3364 874 3461 personaliter
891 3362 1078 3435 adiremus.
1101 3363 1177 3448 Quo
1201 3365 1285 3437 dum
1303 3387 1457 3437 essemus
1478 3366 1514 3436 in
1538 3367 1631 3458 loco,
1650 3366 1741 3437 idem
1759 3365 1921 3460 pincerna

515 3497 724 3583 protestatus
751 3488 816 3558 luit
847 3489 1022 3580 quomodo
1043 3489 1135 3559 idem
1164 3491 1351 3561 claustrum
1377 3491 1555 3563 constituit
1578 3491 1725 3562 liberum
1749 3502 1818 3561 tam
1840 3509 1861 3560 a
1884 3509 1920 3561 se

515 3633 619 3705 quam
636 3613 680 3683 ab
698 3612 793 3684 omni
812 3633 874 3682 sua
892 3612 1112 3706 posteritate,
1138 3635 1203 3684 neo
1221 3615 1256 3684 in
1277 3615 1399 3687 eodem
1420 3615 1508 3706 juris
1529 3615 1596 3686 sibi
1616 3614 1796 3709 quippiam
1811 3634 1920 3684 reser-

514 3735 630 3824 vavit,
661 3733 749 3806 sicut
780 3742 875 3828 patet
900 3744 1019 3828 aperte
1045 3757 1107 3829 per
1135 3737 1211 3827 ejus
1234 3737 1542 3830 privilegiumque
1564 3737 1713 3808 munivit
1737 3736 1919 3807 cenobium

514 3859 731 3955 prelibatum.
747 3855 960 3951 Supplieavit
972 3869 1088 3929 autem
1100 3859 1200 3930 nobis
1215 3859 1390 3932 humiliter
1402 3871 1436 3931 et
1450 3861 1576 3933 devote
1590 3869 1630 3931 ut
1640 3859 1733 3930 idem
1747 3869 1919 3930 monaste·

513 3983 604 4054 rium
629 3989 845 4075 assumptum
864 3981 931 4051 sab
954 3992 1072 4053 nostro
1096 3992 1131 4052 et
1147 3981 1282 4078 imperii
1302 3982 1514 4056 defensionis
1541 3981 1727 4078 presidium
1748 3983 1918 4078 speciale,

514 4115 719 4198 sanctasque
734 4104 796 4176 Dei
810 4105 956 4176 famulas
970 4105 1005 4175 in
1023 4127 1065 4176 eo
1081 4107 1230 4178 Domino
1248 4107 1454 4178 famulantes
1472 4107 1589 4199 aliquo
1605 4107 1774 4178 libertatis
1795 4107 1919 4202 scripto

513 4231 680 4326 ampliare
701 4228 746 4300 de
760 4237 877 4300 nostra
893 4229 1002 4321 gratia
1019 4229 1253 4323 dignaremur.
1276 4229 1505 4303 attendentes
1521 4252 1605 4322 ergo
1620 4229 1725 4303 iidem
1740 4252 1861 4326 puram
1884 4231 1919 4302 in

513 4377 583 4449 qua
598 4354 711 4426 dictus
728 4353 893 4446 pincerna
907 4352 1008 4424 nobis
1024 4363 1059 4425 et
1077 4354 1222 4449 imperio
1236 4375 1373 4450 sempor
1385 4355 1522 4427 adhesit
1537 4353 1685 4426 fideliter
1703 4363 1738 4426 et
1755 4363 1919 4426 constan-

515 4489 581 4568 ter,
605 4477 712 4572 ipsius
735 4475 772 4546 in
791 4474 856 4546 hac
877 4486 976 4571 parte
1001 4478 1046 4548 ad
1063 4477 1232 4550 honorem
1252 4479 1314 4550 Dei
1333 4479 1494 4575 precibus
1511 4477 1737 4550 annuendum
1758 4475 1919 4549 duximus

515 4605 633 4675 lavore
652 4601 777 4695 pleno,
797 4599 1001 4672 auctoritato
1022 4601 1117 4694 regia
1138 4611 1329 4674 statuentes
1349 4614 1402 4694 ut,
1419 4603 1507 4674 siout
1520 4601 1608 4674 ordo
1629 4599 1863 4673 cisterciensis
1874 4599 1918 4672 ab

516 4723 660 4799 exordio
673 4745 735 4795 sue
755 4722 978 4796 institutionis
994 4725 1098 4796 nullis
1113 4746 1267 4819 unquam
1283 4724 1348 4796 suit
1361 4725 1535 4798 obnoxius
1548 4724 1743 4816 advocatis,
1761 4723 1812 4796 sic
1827 4722 1917 4796 idem
