4352 5940
531 611 592 674 624
1027 614 1242 678 FlllllllRlCl
1266 613 1441 678 SECUNDI
1751 613 1832 692 [Aut.
1851 613 1940 680 12⁴8.

530 761 683 820 nensem'
697 749 874 844 applicant
890 750 1084 841 civitatem,
1104 751 1234 824 vexilla
1253 749 1418 823 Friderici
1437 747 1615 842 quondam
1636 747 1854 843 imperatorie
1874 771 1939 824 ex-

530 883 628 944 tensa
645 881 783 967 portare
795 873 940 968 ipsaque
955 874 991 946 in
1008 874 1162 948 eeclesiis
1175 874 1211 946 in
1227 872 1503 946 solemnitatibus
1518 892 1649 968 ponere
1664 884 1884 967 presumant,
1902 876 1939 946 in

528 995 723 1068 animarum
735 1017 876 1068 suarum
890 997 1082 1092 pericnlum
1100 1007 1137 1070 et
1153 996 1356 1070 scandalum
1375 997 1617 1092 plurimorum,
1631 995 1836 1068 mandamus
1852 1017 1940 1090 qua-

530 1127 630 1190 tenus
641 1118 708 1192 hoc
720 1121 862 1194 omnino
874 1119 948 1192 lieri
962 1121 1151 1216 prohibens
1166 1121 1340 1217 predictos
1357 1129 1393 1192 et
1407 1119 1494 1193 alios
1509 1119 1606 1214 quod
1620 1119 1664 1192 de
1682 1130 1800 1192 cetero
1812 1121 1858 1192 ab
1871 1120 1939 1192 bn·

524 1242 677 1334 jusmodi
701 1245 962 1339 presumptione
986 1247 1129 1318 omnino
1149 1245 1317 1318 desistant
1338 1244 1528 1316 monitione
1548 1245 1668 1338 previa
1692 1265 1940 1339 persenseras

528 1368 777 1440 ecclesiasticas
792 1370 1026 1463 appellatione
1044 1380 1177 1443 remota
1202 1390 1420 1465 compescas,
1439 1369 1601 1442 invocato
1621 1368 1668 1441 ad
1688 1369 1738 1459 id,
1755 1369 1783 1440 si
1798 1389 1938 1442 necesse

527 1491 643 1581 luerit,
660 1492 792 1563 auxilio
805 1491 937 1563 brachii
953 1479 1131 1565 secularis.

574 1616 714 1704 Datum,
732 1626 900 1708 utsupra.

574 1739 813 1830 Innocentius,
836 1748 920 1830 etc,
938 1739 1104 1832 magistro
1131 1749 1168 1811 et
1188 1739 1376 1811 conventui
1399 1738 1542 1811 militiae
1569 1739 1688 1833 templi
1711 1738 1933 1834 lerosolymi·

527 1863 611 1954 tani,
630 1873 698 1936 etc.
717 1864 816 1954 Cum,
835 1865 924 1936 sicut
941 1864 1152 1960 accepimus,
1170 1863 1313 1957 quidam
1327 1863 1372 1936 de
1386 1863 1544 1958 partibus
1561 1863 1685 1934 vestris
1699 1872 1769 1934 tam
1785 1862 1934 1956 religiosi

524 2007 630 2080 quam
644 1987 703 2059 alii
720 1987 882 2060 seditiose
895 1997 1083 2082 procurent
1097 1987 1247 2080 qualiter
1262 2008 1409 2080 regnum
1424 1987 1751 2082 lerosolymitanum
1767 1987 1875 2082 possit
1889 1985 1936 2060 ad

522 2133 648 2183 manos
666 2111 830 2182 Friderici
848 2111 1025 2204 quondam
1049 2111 1266 2206 imperatoris
1291 2120 1327 2183 et
1346 2110 1494 2184 Conradi
1516 2111 1589 2183 nati
1615 2113 1690 2204 ejus
1716 2111 1935 2184 inimicorum

522 2234 675 2305 Ecclesia
694 2234 897 2329 pervenire,
916 2234 1179 2306 universitatem
1198 2244 1350 2306 vestram
1371 2255 1548 2326 rogamus,
1566 2254 1749 2306 monemus
1765 2244 1800 2306 et
1815 2234 1933 2308 borta-

522 2351 601 2428 m'ur
619 2367 750 2429 attente
766 2355 910 2430 firmiter
925 2357 1149 2454 precipiendo
1165 2359 1371 2431 mandantes
1387 2366 1562 2450 quatenus
1577 2357 1802 2454 persistentes
1818 2357 1853 2431 in
1870 2358 1932 2430 de·

521 2482 663 2572 votione
677 2483 831 2555 Romane
846 2482 1000 2554 Ecclesia
1016 2483 1210 2554 constantia
1223 2483 1443 2573 inconcussa,
1456 2503 1526 2554 non
1543 2482 1734 2554 immutatis
1746 2503 1812 2554 nec
1825 2503 1934 2575 quan-

523 2615 597 2675 tum
608 2605 643 2674 in
653 2605 753 2677 vobis
772 2615 825 2676 est
841 2606 886 2676 ab
902 2605 1019 2698 aliquo
1035 2605 1243 2700 permittatis
1263 2605 1371 2700 ipsius
1387 2605 1483 2698 regni
1500 2605 1694 2678 dominium
1712 2605 1932 2698 aliquatenus

521 2729 709 2801 immutari.
732 2728 896 2822 Alioquin
920 2739 990 2802 tam
1013 2751 1076 2802 vos
1096 2751 1202 2824 quam
1224 2729 1284 2801 alii
1308 2729 1515 2824 privilegiati
1541 2729 1586 2802 de
1608 2729 1765 2826 partibus
1787 2730 1853 2802 illis
1871 2732 1931 2824 qui

521 2863 641 2924 contra
660 2852 945 2947 presumpserint,
964 2862 1129 2948 poterunt
1146 2853 1269 2926 merito
1287 2852 1473 2926 formidare
1491 2855 1588 2946 quod
1604 2838 1766 2926 omnibus
1783 2855 1932 2950 privile-

520 2977 598 3070 giis,
608 2977 825 3048 libertatibus
840 2986 874 3050 et
887 2976 1162 3050 immunitatibus
1173 2979 1272 3050 vobis
1281 2986 1317 3050 et
1333 2977 1383 3049 eis
1394 2980 1439 3050 ab
1450 2978 1648 3073 apostolica
1660 2978 1750 3051 Sede
1760 2980 1931 3052 concessis

520 3099 555 3171 in
570 3109 777 3195 perpetuum
793 3100 1033 3193 privabuntur.
1050 3103 1191 3192 Datum,
1211 3113 1250 3172 ut
1264 3123 1381 3194 supro.

567 3226 606 3295 ln
621 3222 784 3296 eumdem
799 3223 940 3296 modum
953 3224 1195 3318 vicomagistro
1210 3235 1246 3296 et
1259 3224 1447 3297 conventui
1464 3223 1590 3298 domus
1604 3223 1784 3321 hospitalis
1792 3228 1929 3300 Jemso·

520 3348 691 3444 lymitani.

567 3472 732 3563 Magistro
748 3481 785 3542 et
799 3480 993 3542 conventus
1009 3469 1188 3566 hospitalis
1204 3473 1350 3543 Sanctam
1365 3470 1491 3543 Mariae
1508 3470 1811 3546 Theutonicorum.

567 3593 856 3688 Arcbiepiscopis,
871 3593 1041 3688 episcopis
1059 3614 1101 3665 ac
1119 3593 1317 3682 abbatibus,
1329 3593 1515 3688 prioribus,
1528 3593 1781 3668 archidiaconis
1798 3605 1834 3668 et
1850 3595 1929 3668 aliis

520 3717 743 3790 ecclesiarum
756 3717 898 3812 prelatis
912 3737 975 3811 per
990 3738 1136 3810 mgnum
1147 3717 1473 3812 ierosolymitanum
1490 3717 1699 3790 constitutis.

568 3841 743 3914 Universis
757 3840 945 3912 baronibus
962 3849 998 3912 et
1011 3841 1178 3912 militibus
1193 3840 1292 3934 regni
1306 3840 1596 3936 ierosolymitani.

567 3963 772 4038 Consulibus
785 3973 821 4034 et
834 3963 1073 4035 communitati
1086 3965 1312 4036 lanuensium
1328 3964 1363 4035 in
1380 3985 1490 4056 regno
1507 3966 1815 4038 commorantibus.

565 4086 770 4160 Consulibus
786 4095 822 4156 et
837 4086 1014 4157 communi
1027 4087 1238 4160 Venetorum
1254 4087 1290 4158 in
1306 4108 1415 4180 regno
1431 4087 1739 4161 commorantibus.

565 4210 770 4284 Consulibus
786 4219 822 4280 et
837 4209 1013 4282 communi
1028 4209 1229 4284 Pisanorom
1246 4211 1281 4282 in
1297 4232 1405 4304 regno
1419 4213 1726 4286 commorantibus.

565 4333 696 4429 Populo
712 4332 860 4404 civitatis
877 4331 1100 4406 Acconensis.
