4306 5914
525 705 588 772 roo
1024 707 1241 774 rarnnarcr
1264 707 1439 772 sacuam
1745 707 1827 794 [aaa.
1844 710 1933 774 reas

524 843 612 919 ordo
634 844 794 938 vertitur,
813 847 968 942 vulgaris
984 847 1101 944 opinio
1121 847 1250 921 tattitnr
1266 856 1301 920 et
1322 853 1500 942 pastorum
1522 843 1674 918 officinm
1697 847 1936 944 prophanetur

524 971 581 1043 vet
602 978 787 1044 execratur
806 967 903 1070 (sic),
928 972 1013 1046 dum
1033 973 1115 1047 inde
1134 971 1292 1071 procedit
1312 971 1407 1044 fraus
1431 979 1466 1042 et
1483 967 1634 1067 nephas,
1667 970 1750 1044 inde
1772 971 1934 1068 iniquitas

524 1093 747 1188 detestanda,
771 1096 852 1170 inde
867 1097 1099 1194 perniciosum
1116 1097 1315 1194 exemptum
1329 1095 1423 1168 unde
1442 1096 1535 1167 salus
1555 1095 1711 1168 omnium
1740 1096 1933 1169 animarum

523 1231 560 1294 et
575 1242 761 1318 corporum
773 1223 990 1319 sperabatur.
1007 1223 1183 1298 Libentius
1195 1223 1317 1318 utique
1330 1205 1409 1318 (scit
1423 1217 1532 1318 Dens)
1550 1243 1619 1314 que
1634 1231 1753 1293 nostra
1766 1221 1933 1294 serenitas

522 1346 679 1442 quuitur
693 1347 931 1440 tacuissemus,
950 1348 1016 1422 nisi
1040 1350 1136 1446 quod
1162 1359 1232 1422 tam
1256 1358 1358 1421 atrox
1379 1346 1484 1440 hujus
1508 1346 1677 1420 sermonis
1700 1347 1842 1420 materia
1863 1369 1933 1444 que

521 1471 680 1566 nequivit
696 1493 768 1546 non
784 1493 860 1546 esse
876 1473 1024 1568 notoria,
1042 1475 1071 1547 si
1089 1473 1263 1572 protunda
1279 1481 1399 1547 nostro
1417 1471 1453 1544 in
1471 1481 1613 1569 pectora
1628 1469 1849 1564 meditamur,
1867 1473 1933 1546 sub

522 1595 635 1689 sigillo
649 1596 775 1670 silentii
798 1620 868 1671 uon
882 1599 1005 1672 debuit
1017 1599 1200 1673 contineri.
1212 1601 1331 1695 Nuper
1346 1597 1453 1689 enim,
1464 1597 1559 1693 quod
1574 1597 1610 1670 in
1625 1597 1827 1670 turbaoionc
1840 1619 1933 1671 ame-

521 1721 629 1794 rimus
643 1734 679 1795 et
691 1722 727 1794 in
741 1723 930 1797 assertione
940 1725 1135 1816 turbamur,
1154 1725 1219 1798 iste
1234 1723 1397 1797 sacerdos
1411 1722 1543 1796 scilicet
1559 1745 1706 1816 magnus
1720 1725 1849 1819 presul,
1867 1745 1930 1820 pa·

521 1843 639 1918 ciricus
652 1842 734 1919 fidei
749 1857 866 1919 nostre
881 1856 1008 1940 rector,
1028 1869 1100 1921 non
1113 1857 1296 1922 contentus
1310 1846 1519 1919 molimentis
1534 1845 1724 1919 innumeris
1738 1856 1773 1919 et
1788 1846 1931 1920 seditio·

520 1969 625 2042 nibus
639 1969 830 2046 inhonestis
845 1971 984 2066 quibus,
1001 1981 1041 2044 ut
1055 1972 1207 2044 mundus
1223 1971 1392 2066 agnoscit,
1411 1985 1527 2066 preter
1541 1970 1672 2044 ordinis
1687 1969 1741 2045 sui
1760 1972 1930 2065 regulam,

520 2115 605 2192 ymo
617 2095 721 2168 ctiam
741 2105 865 2170 contra
879 2098 991 2170 Deum
1006 2097 1042 2169 in
1059 2097 1206 2171 diversis
1224 2097 1379 2193 partibus
1394 2096 1512 2169 uerbis
1533 2105 1569 2169 et
1589 2117 1698 2192 opere
1712 2095 1850 2192 publice
1865 2119 1931 2169 nos

521 2221 677 2316 infestat,
697 2224 879 2320 temptavit
894 2220 1003 2319 (prob
1024 2221 1152 2322 pudor)
1172 2223 1318 2296 occultis
1334 2221 1468 2296 insidiis
1482 2221 1628 2319 perdere
1648 2221 1756 2294 vitam
1775 2233 1930 2296 nostram

520 2355 648 2418 etcum
652 2399 825 2420 .....
853 2347 989 2420 medico
1012 2358 1132 2422 nostro
1155 2349 1216 2442 qui
1236 2349 1358 2421 Parme
1380 2347 1514 2446 pridem
1532 2347 1569 2420 in
1588 2368 1726 2420 carcere
1747 2349 1931 2422 tenebatur

520 2491 584 2566 par
604 2472 757 2566 temtum
777 2494 879 2546 suum
900 2473 961 2568 qui
985 2473 1032 2547 ad
1055 2482 1240 2546 tractatum
1263 2472 1462 2568 hujusmodi
1485 2471 1622 2544 medius
1643 2472 1847 2566 intervenit,
1865 2473 1931 2546 tuit

519 2594 753 2669 inhumaniter
774 2606 810 2670 et
830 2597 997 2694 nepharie
1021 2598 1238 2672 machinatus
1265 2597 1361 2694 quod
1381 2603 1459 2694 po'st
1483 2597 1559 2692 ejus
1579 2597 1625 2670 ad
1647 2619 1711 2670 nos
1734 2620 1929 2692 regressum

519 2731 638 2794 nostro
655 2743 831 2794 venenum
854 2721 993 2795 haustui
1013 2723 1213 2819 propinaret
1233 2724 1297 2796 sub
1319 2722 1433 2819 specie
1462 2721 1623 2818 potionis.
1649 2723 1803 2817 Cumque
1833 2733 1928 2820 post-

519 2846 664 2919 modum
685 2846 778 2920 idem
800 2847 956 2920 medicus
975 2870 1038 2944 pro
1057 2849 1209 2944 quodam
1232 2849 1340 2921 nobili
1360 2849 1436 2921 cive
1455 2849 1576 2920 Parme
1593 2867 1696 2942 quern
1714 2849 1750 2920 in
1767 2849 1930 2946 redemp-

520 2973 614 3045 tione
635 2973 742 3068 ipsius
762 2973 806 3046 de
828 2994 966 3047 carcere
986 2985 1105 3048 nostro
1127 2973 1334 3064 laxavimus
1365 2973 1498 3046 solutus
1526 2971 1673 3072 vinculis
1699 2971 1746 3045 ad
1773 2985 1927 3046 nostram

519 3097 729 3192 presentiam
747 3097 923 3190 rediisset,
942 3119 985 3171 ac
1005 3099 1122 3172 multis
1145 3109 1297 3171 armatus
1317 3097 1595 3191 suggestionibus
1618 3106 1653 3168 et
1674 3097 1827 3192 pollutus
1850 3101 1925 3194 pot·

518 3221 621 3294 licitis
637 3223 744 3296 vellet
760 3223 896 3295 efficere
915 3223 1010 3317 quod
1026 3224 1261 3319 spoponderat
1277 3232 1314 3295 et
1326 3224 1472 3316 jurarat,
1489 3243 1615 3318 parans
1635 3221 1735 3295 nobis
1758 3223 1926 3295 letiferam

519 3367 593 3420 uon
612 3345 774 3420 latifluam
797 3348 1023 3440 medicinam,
1040 3349 1188 3422 dextera
1207 3347 1347 3422 Domim
1370 3348 1452 3420 iecit
1466 3347 1644 3434 virtutem,
1666 3355 1705 3420 at
1722 3345 1797 3420 ueri
1815 3349 1929 3444 potuit

518 3471 650 3567 quoda
664 3472 767 3546 nobis
780 3472 915 3546 transiit
927 3473 1089 3546 calixille
1102 3475 1188 3568 quin
1201 3471 1759 3567 ejuaamaritudinsmbiberemus
1773 3470 1927 3570 (ttuec

517 3597 673 3692 protecto
689 3597 830 3694 singula
843 3606 914 3670 tam
928 3620 990 3694 per
1003 3619 1084 3671 eum
1098 3598 1156 3692 qui
1174 3605 1334 3695 patenter
1345 3597 1379 3668 in
1394 3596 1545 3669 facinore
1560 3595 1926 3692 deprehensuseanon

516 3720 630 3818 potuit
645 3720 805 3814 diffiteri,
828 3743 934 3816 quam
957 3722 1061 3796 etiam
1077 3745 1139 3818 per
1158 3722 1291 3796 litteras
1314 3721 1523 3817 interceptas
1546 3721 1764 3793 continentes
1780 3743 1924 3817 expres·

516 3868 590 3920 sum
609 3845 714 3940 hujus
736 3847 932 3920 commercii
952 3848 1162 3920 mentionem
1177 3846 1299 3937 nobis,
1322 3859 1358 3918 et
1382 3845 1500 3918 multis
1520 3844 1739 3940 magnatibus
1768 3847 1803 3918 in
1829 3847 1924 3920 curia

516 3979 633 4043 nostra
655 3970 874 4066 presentibus
897 3970 1026 4067 liquide
1051 3969 1292 4044 constiterunt.
1312 3967 1400 4042 Ecce
1422 3967 1599 4062 quomodo
1620 3991 1683 4040 nos
1700 3969 1840 4042 amabat
1860 3969 1924 4043 iste

515 4092 714 4166 karissimus
728 4103 828 4190 pater
843 4103 974 4185 noster,
986 4115 1066 4168 ecce
1079 4096 1173 4167 zelus
1187 4093 1369 4166 laudabilis
1382 4103 1417 4165 et
1431 4091 1609 4185 diligentia
1624 4089 1820 4188 pastoralis!
1836 4093 1923 4166 Ecce

514 4216 661 4292 honesta
676 4239 782 4314 opera
795 4217 960 4315 principis
977 4213 1214 4292 sacerdotuml
1233 4218 1261 4290 0
1279 4226 1432 4310 quantum
1447 4216 1641 4290 extuberat
1657 4216 1693 4288 in
1710 4217 1838 4290 aestus
1852 4217 1923 4288 vis·

549 4567 589 4642 tt)
603 4567 685 4638 Quasi
697 4567 854 4643 participata
866 4566 948 4641 buius
963 4567 1075 4626 aestuis
1086 4569 1196 4626 Pomm
1207 4568 1243 4627 ds
1257 4567 1342 4628 rue
1357 4571 1422 4625 tnnc
1435 4571 1544 4642 apem
1562 4572 1592 4624 et
1604 4579 1667 4624 uror
1683 4565 1778 4625 dumo
1792 4564 1921 4640 cippido

437 4742 444 4752 ι
512 4665 673 4724 munaum
681 4665 801 4724 hrissseo
812 4665 941 4724 ibertus
952 4666 1120 4739 msdidmim,
1134 4667 1208 4741 arod
1218 4681 1276 4724 rem
1288 4665 1325 4722 im
1334 4672 1425 4724 namet
1436 4663 1923 4736 mttummrarirtenmeoaeumm

511 4764 635 4840 scriptor.
651 4763 692 4822 ct.
707 4765 782 4822 Htst
795 4765 861 4842 maj.
877 4765 1005 4843 heptas,
1022 4783 1053 4844 p.
1072 4768 1120 4824 titt
1132 4807 1144 4840 ,
1157 4773 1186 4824 at
1203 4764 1363 4826 mneufiam
1382 4765 1411 4826 in
1428 4764 1553 4826 eumdem
1570 4765 1678 4824 Petrum
1692 4763 1835 4840 prolatam,
1850 4779 1920 4841 quse

512 4861 591 4923 intra.
