4300 5916
237 610 338 672 tmrcr.
356 609 420 686 l5r]
688 608 885 671 HISTORIA
909 606 1203 669 mammantes.
1581 603 1642 665 819

238 741 360 822 rumin
372 761 493 832 regem
505 739 636 812 electus
650 760 787 835 semper
800 750 966 832 augustus
979 750 1014 810 et
1027 739 1130 812 heres
1143 736 1241 828 regni
1253 735 1455 826 Ierusalem,
1472 734 1643 807 universis

238 865 415 955 ministris,
432 863 599 953 scultetis,
615 863 818 936 officialibus
834 863 907 936 sive
924 863 1056 934 civibus
1070 861 1204 956 imperii
1216 860 1362 952 gratiam
1376 880 1474 930 suum
1490 868 1526 928 et
1539 879 1641 930 omne

238 987 381 1061 bonum.
401 989 485 1061 Cum
504 1009 525 1059 a
547 986 689 1059 domino
714 998 748 1058 et
763 995 860 1082 patre
878 995 997 1058 nostro
1012 986 1243 1058 Romanorum
1262 983 1469 1076 imperatore
1486 981 1521 1051 in
1540 1002 1643 1073 gene-

238 1111 302 1184 rali
317 1111 413 1185 curia
428 1109 698 1203 Moguntinensi‚
717 1111 761 1183 ad
776 1110 1007 1182 universalem
1021 1107 1228 1203 peticionem
1247 1117 1316 1178 tam
1335 1105 1641 1178 ecclesiasticarum

238 1254 343 1327 quam
359 1234 565 1306 secularium
579 1253 806 1329 personarum
820 1232 1017 1306 ordinatum
1030 1232 1146 1304 extitit
1158 1241 1194 1303 et
1204 1239 1369 1302 statutum
1385 1226 1438 1327 (l)
1454 1230 1541 1300 utin
1556 1229 1641 1301 civi-

238 1359 367 1430 tatibus
400 1358 587 1432 nostriset
618 1357 754 1453 imperii
782 1357 900 1430 nullus
929 1357 1035 1430 homo
1059 1356 1198 1453 proprie
1223 1355 1383 1452 proprius
1414 1374 1640 1449 personarum

238 1481 445 1555 secularium
465 1504 527 1555 seu
548 1482 856 1554 ecclesiasticarum
881 1482 955 1554 sine
973 1503 1143 1554 consensu
1159 1479 1290 1553 domini
1312 1479 1365 1550 sui
1388 1486 1585 1574 receptetur
1604 1477 1641 1548 in

167 1589 170 1594 ¹
239 1606 351 1678 civem
376 1606 433 1677 vel
457 1605 493 1675 in
516 1604 648 1676 eisdem
665 1605 883 1700 aliquatenus
900 1604 1071 1694 foveatur,
1097 1623 1231 1696 nosque
1253 1601 1345 1672 idem
1368 1610 1533 1672 statutum
1550 1600 1641 1672 circa

238 1729 417 1804 ecclesiam
428 1729 473 1801 de
483 1728 597 1801 Salem
611 1737 645 1801 et
657 1731 732 1821 ejus
747 1729 906 1801 homines
919 1731 1078 1802 volumus
1091 1727 1220 1820 jugiter
1232 1723 1512 1812 observari,cum
1521 1744 1640 1818 perso·

237 1875 301 1926 uas
315 1853 472 1948 ejusdem
485 1853 698 1944 monasterii,
714 1862 835 1947 utpote
853 1874 1000 1946 quarum
1017 1850 1233 1924 conversatio
1249 1858 1302 1920 est
1322 1849 1358 1918 in
1379 1846 1481 1938 celis,
1500 1847 1640 1941 speciali

238 1978 355 2050 lavore
375 1999 512 2074 semper
527 1977 738 2050 intendimus
756 1977 791 2047 in
810 1976 880 2048 suis
891 1976 1028 2070 juribus
1045 1973 1277 2070 amplificare,
1296 1971 1511 2044 universitati
1525 1979 1640 2044 vestre

237 2123 300 2196 per
316 2103 497 2175 obtentum
514 2102 624 2196 gratie
641 2101 772 2173 domini
788 2111 823 2172 et
839 2100 945 2196 patris
965 2100 1073 2173 nostri
1089 2110 1125 2171 et
1140 2108 1256 2172 nostre
1275 2096 1482 2193 precipimus
1497 2093 1641 2167 firmiter

238 2234 274 2298 et
286 2226 440 2299 districte
454 2235 637 2318 quatenus,
654 2225 683 2296 si
701 2225 761 2318 qui
778 2247 825 2297 ex
843 2224 1041 2296 hominibus
1055 2223 1202 2318 propriis
1221 2220 1366 2317 predicti
1385 2219 1581 2292 monasterii
1603 2219 1639 2290 in

237 2350 432 2422 civitatibus
448 2349 574 2422 nostris
587 2349 718 2420 inventi
739 2349 866 2420 luerint
883 2350 940 2422 vel
957 2348 1098 2443 reperti,
1118 2347 1259 2419 eosdem
1274 2367 1353 2417 cum
1376 2367 1439 2440 per
1455 2344 1638 2416 venerabi·

237 2475 305 2547 lem
322 2476 485 2546 abbatem
508 2475 564 2545 vel
584 2475 659 2566 ejus
682 2473 822 2545 nuntios
837 2473 993 2566 requisiti
1011 2472 1155 2559 fueritis,
1175 2471 1249 2542 sine
1265 2467 1467 2542 difficultate
1485 2468 1640 2561 qualibet

238 2599 417 2670 restituere
439 2620 509 2671 non
533 2597 720 2688 omittatis;
739 2597 775 2667 in
797 2606 899 2668 autea
920 2596 1064 2668 sollicite
1082 2603 1306 2690 precaventes
1324 2615 1378 2664 ne
1390 2591 1513 2685 aliquis
1531 2591 1641 2662 homi·

237 2744 320 2795 num
330 2722 412 2795 dicti
425 2720 623 2794 monasterii
646 2721 706 2814 qui
726 2720 759 2792 ei
774 2722 908 2794 ratione
924 2719 1144 2816 proprietatis
1162 2718 1346 2814 pertineat,
1367 2717 1403 2787 in
1419 2716 1529 2788 civem
1546 2715 1640 2810 apud

236 2868 299 2921 vos
311 2855 508 2919 assumatur
527 2846 571 2918 de
592 2856 708 2918 cetero
726 2847 781 2916 vel
798 2853 1013 2939 receptetur;
1032 2851 1165 2916 certum
1182 2841 1350 2914 habentes
1363 2839 1457 2932 quod
1475 2839 1503 2910 si
1519 2860 1639 2911 eorum

236 2972 281 3044 ad
297 2993 361 3045 nos
374 2970 590 3064 querimonia
603 2969 795 3058 devenerit,
819 2969 903 3041 illud
918 2970 953 3041 in
968 2969 1066 3041 vobis
1080 2988 1226 3060 arguere
1246 2977 1408 3058 tanquam
1427 2963 1471 3035 de
1486 2962 1639 3035 mandati

236 3095 343 3169 nestri
360 3092 670 3186 transgressoribus
683 3113 897 3184 cogeremur.

284 3221 408 3291 Datum
425 3217 520 3312 apud
533 3216 761 3307 Ubsrlingen‚
781 3217 824 3288 Vl
840 3214 1006 3287 kalendas
1021 3214 1191 3304 octobris,
1210 3214 1285 3287 XV·
1301 3211 1500 3284 indictione.

291 3773 488 3857 Conradus
518 3773 557 3854 in
587 3773 846 3856 Romanorum
872 3797 1001 3883 regem
1032 3771 1171 3854 electus
1199 3780 1420 3878 tractatum,
1451 3772 1500 3854 de
1522 3771 1638 3855 verbo
1757 3814 1772 3847 a

237 3907 276 3988 in
294 3906 453 3990 verbum
471 3905 674 4014 insertum,
695 3932 810 4015 quem
828 3905 1092 4012 Eberhardus,
1112 3903 1231 3986 abbas
1249 3904 1297 3985 de
1323 3903 1468 4008 Salem,
1494 3915 1531 3987 et
1555 3903 1638 4013 ejus
1747 3923 1760 3954 ⁰
1796 3889 1829 3953 ·'

237 4050 442 4124 cenventus
460 4065 547 4122 cum
568 4038 742 4122 Conrado
764 4040 813 4122 de
837 4037 963 4144 Ulma,
985 4037 1151 4140 notario,
1173 4046 1210 4118 et
1232 4035 1313 4145 ejus
1331 4035 1447 4118 fratre
1463 4035 1638 4120 Heinrico

237 4199 349 4282 super
366 4173 534 4282 quadam
553 4172 725 4254 domuin
746 4169 855 4254 Ulma
873 4197 995 4281 usque
1011 4171 1171 4254 advitae
1193 4168 1307 4250 finem
1326 4193 1457 4252 eorum
1475 4170 1638 4253 tenenda

237 4305 467 4410 habuerunt,
488 4303 700 4387 confirmat.
1536 4305 1538 4311 ‘

272 4621 308 4695 (t)
326 4621 357 4678 ln
371 4621 560 4680 constitutione
573 4628 663 4680 tamen
676 4621 845 4696 moguntina,
859 4635 930 4694 quae
948 4636 1043 4692 supra,
1059 4625 1081 4678 t.
1096 4621 1142 4692 1v‚
1156 4633 1218 4694 pers
1230 4619 1268 4690 ll,
1282 4636 1310 4693 p.
1328 4621 1393 4688 llo,
1407 4619 1477 4678 hanc
1494 4621 1638 4694 specialem

237 4719 322 4793 legem
336 4735 389 4778 non
400 4720 562 4777 invenimus.
