4318 5904
704 539 833 620 raon'x
856 559 1201 621 oocuaruaroumr.
1597 565 1658 628 cer

248 762 385 878 Q

672 885 825 964 quondam
841 886 956 947 civibus
975 884 1191 948 Viennensibus
1209 887 1358 950 indultum
1378 895 1409 950 et
1425 889 1506 968 quod
1524 891 1588 953 dux
1604 895 1660 954 iste

673 982 791 1042 sublata
810 997 898 1042 aurea
920 981 1203 1051 151155555555551,
1229 984 1268 1043 55
1290 1000 1394 1044 eorum
1415 985 1660 1062 supplicationem

436 1112 445 1128 ·
674 1086 797 1139 renovat
812 1077 1191 1142 511555555555551155551.
1601 1093 1659 1146 551

261 1175 372 1254 [aprili.
417 1178 599 1259 Cremonae]
635 1207 675 1221 -
694 1176 1350 1254 5515555155115551511511515153551155555
1364 1180 1498 1255 episcopo
1511 1181 1660 1258 proditore

674 1272 1660 1352 euoobsessaeeubeidlumpollicetur,monensquodaCremonever-

673 1387 724 1431 555
734 1369 939 1431 allemanniam
949 1373 1004 1430 lter
1013 1387 1100 1430 suum
1114 1373 1146 1429 in
1156 1373 1278 1430 instanti
1291 1371 1415 1448 dirigere
1427 1376 1573 1451 proponit.
1601 1384 1659 1436 555

272 1465 365 1542 [55515
405 1515 578 1534 ......
609 1500 674 1532 .-
694 1467 801 1530 Scribit
813 1469 934 1546 Hugoni
949 1469 1049 1528 comiti
1068 1467 1166 1528 Sancti
1186 1469 1270 1530 Pauli
1290 1486 1322 1530 55
1338 1470 1378 1531 ad
1395 1469 1573 1532 ollerendam
1591 1491 1660 1550 pur·

258 1560 388 1646 ineunt]
676 1568 824 1644 gailonem
838 1566 1017 1642 Lugdunum
1036 1582 1105 1624 mor
1120 1568 1247 1640 iturum,
1263 1572 1294 1627 51
1313 1569 1500 1644 postmodum
1518 1571 1661 1647 solempni

673 1664 820 1740 colloquio
841 1662 987 1722 celebrato
1009 1663 1196 1724 Germaniam
1221 1665 1399 1740 petitorum,
1417 1663 1610 1744 horteturque
1629 1675 1664 1729 ut

676 1759 732 1820 eibi
744 1776 813 1820 cum
826 1759 992 1819 honorabili
1007 1761 1145 1820 comitiva
1159 1765 1304 1821 occurrat.
1604 1773 1662 1824 555

263 1861 377 1920 tmoli.
424 1859 595 1922 Cremonae.
638 1888 676 1903 —
696 1856 730 1917 11.
751 1856 788 1916 55
808 1856 919 1916 Paludc
937 1858 1052 1933 imperil
1070 1859 1179 1917 5155515
1193 1873 1211 1916 5
1224 1858 1315 1934 Papia
1335 1859 1469 1934 seperius
1486 1859 1608 1920 mandat
1629 1867 1664 1921 ut
1783 1892 1785 1900 ¹

676 1955 757 2012 cives
778 1953 933 2028 Pupienees
947 1954 972 2012 51
987 1969 1105 2012 5555555
1118 1951 1206 2012 155511
1224 1954 1405 2032 constringat
1417 1954 1455 2014 ed
1472 1971 1595 2016 censum
1612 1973 1664 2034 per

678 2066 728 2110 eos
746 2067 799 2127 pro
819 2049 883 2109 loco
901 2049 997 2110 Besatl
1017 2051 1192 2110 monasterio
1214 2049 1315 2110 Sancti
1335 2050 1495 2112 8515515515
1518 2053 1554 2112 55
1573 2053 1664 2130 Papia

592 2175 597 2186 ·
677 2146 1044 2208 debltomexsolveudum.
1315 2134 1321 2146 ’
1488 2157 1545 2208 555
1560 2156 1662 2210 51555

268 2250 377 2310 emnil.
425 2249 595 2312 (1555555555.
637 2277 677 2289 -
697 2245 850 2304 Ρ55115555
878 2258 895 2301 5
918 2241 1068 2302 Gualterlo
1087 2241 1124 2302 de
1146 2241 1222 2302 Ocra
1246 2258 1301 2303 555
1325 2242 1451 2320 generali
1478 2251 1664 2320 procuratore

677 2358 745 2402 cum
759 2340 890 2400 Amedeo
903 2343 1009 2399 comite
1021 2337 1184 2399 sabaudiae
1197 2341 1285 2399 initas
1298 2339 1464 2420 confirmat,
1477 2348 1539 2400 tom
1552 2341 1589 2401 de
1603 2358 1665 2402 rce-

677 2441 815 2498 titutione
828 2440 915 2498 castri
931 2437 1100 2514 Rlpolaram
1115 2438 1256 2514 quamde
1275 2438 1462 2498 matrimonio
1482 2441 1559 2498 luter
1575 2441 1665 2501 Mau-

676 2536 792 2596 lrednm
815 2534 911 2595 lilium
935 2551 1022 2596 suum
1044 2539 1074 2594 et
1095 2535 1257 2594 1155515555
1284 2533 1416 2612 ejusdem
1437 2537 1552 2596 comitis
1573 2535 1666 2597 liliam

678 2631 889 2694 moechando.
1607 2641 1664 2694 555

261 2729 385 2812 [junio]
409 2777 418 2797 .
442 2777 451 2796 .
475 2777 484 2795 .
506 2775 517 2794 .
542 2775 550 2796 .
574 2778 585 2796 .
616 2763 680 2794 .—
699 2731 815 2791 Pisanis
837 2729 944 2806 3551155
969 2729 1031 2804 5311
1049 2727 1129 2804 quod
1157 2726 1196 2788 ad
1220 2729 1439 2804 requisitionem
1463 2726 1604 2788 Frlderlcl
1629 2728 1667 2789 de

679 2827 837 2888 Antiochia
863 2827 894 2884 15
915 2824 1022 2884 Tuscia
1044 2825 1215 2902 5155511,15
1239 2823 1493 2902 depopulationem
1515 2825 1667 2886 rebellium

679 2925 887 2984 Perusinorum
901 2922 1023 2981 virilitor
1035 2923 1236 2998 processerint
1608 2931 1666 2983 555

262 3021 389 3106 [lunio]
410 3068 624 3090 .......
640 3020 809 3081 -scribit
829 3019 946 3080 cuidam
965 3021 1115 3095 capitaneo
1134 3026 1169 3080 ut
1187 3019 1251 3080 ficri
1273 3019 1363 3080 155151
1389 3019 1607 3097 inquisitionem
1630 3020 1667 3081 55

678 3117 807 3198 quodam
817 3118 995 3194 Aretinoqul
1004 3117 1114 3176 dicitur
1122 3115 1228 3191 555115,
1238 3123 1323 3194 capto
1330 3118 1438 3176 inermi
1449 3114 1667 3178 1515515555155

679 3219 848 3280 Perusinos.
1608 3223 1666 3275 555

271 3313 370 3390 inuio.
472 3316 560 3379 (larii.
638 3346 681 3363 -
697 3315 876 3375 Monestorla
889 3311 975 3372 551115
987 3313 1064 3374 Pesil
1078 3327 1146 3372 cum
1159 3311 1339 3389 bominibus,
1350 3312 1488 3389 35553115,
1501 3313 1668 3387 possessio-

679 3412 768 3473 nibus
784 3417 814 3471 et
828 3410 966 3470 omnibus
982 3409 1066 3470 bonis
1082 3412 1145 3487 elus
1162 3408 1219 3469 sub
1237 3410 1415 3484 protectione
1431 3424 1486 3468 sua
1502 3409 1620 3484 reelplt,
1637 3414 1668 3468 et

680 3509 823 3572 iacobum
844 3508 1044 3567 marchionem
1066 3507 1103 3566 de
1126 3505 1244 3566 Gameto
1263 3521 1404 3584 generum
1424 3521 1510 3565 suum
1535 3505 1669 3565 mandati

680 3608 727 3668 eui
739 3610 925 3666 executorem
938 3607 1052 3664 5151511.
1608 3610 1666 3662 555

274 3701 371 3778 lunio.
462 3703 571 3770 chorii.
641 3733 681 3748 -
701 3700 832 3762 Gnidon!
852 3699 998 3776 Dalpbiuo
1021 3699 1123 3760 comiti
1143 3697 1276 3759 Viennae
1299 3704 1329 3760 et
1350 3697 1473 3759 Albonis
1496 3698 1668 3757 comitatum

681 3797 893 3874 Vaplncensem
905 3802 936 3856 et
948 3794 1189 3855 Ebredunenscm
1200 3811 1235 3854 ac
1246 3796 1345 3855 omnia
1357 3795 1415 3854 5115
1428 3797 1493 3871 elna
1506 3792 1585 3853 bona
1595 3809 1667 3853 con-

681 3893 797 3971 lirmat,
812 3891 1002 3969 conceditque
1018 3891 1125 3952 allodia
1143 3892 1174 3950 ln
1192 3890 1315 3952 51555515
1333 3890 1526 3968 Dalpblnatus
1542 3892 1668 3950 comita-

682 3991 762 4052 libus
775 3991 945 4050 constituta.
1610 3994 1666 4047 511

283 4089 370 4167 iulio.
444 4089 479 4151 Io
492 4093 596 4153 5551515
642 4119 683 4132 -
702 4086 881 4148 Sententiam
895 4101 914 4145 a
926 4084 1083 4145 Berthcldo
1103 4083 1269 4146 marchione
1289 4083 1326 4144 de
1342 4081 1538 4161 bebenberg,
1554 4085 1666 4159 imperil

422 4191 454 4250 lo
465 4187 617 4250 obsidione
682 4183 805 4260 aPapla
817 4183 951 4258 superius
964 4181 1074 4241 5155515
1087 4181 1231 4259 35555511,
1245 4182 1321 4240 15155
1337 4179 1473 4240 ostensos
1485 4186 1516 4238 et
1525 4178 1669 4240 Albenses
1722 4260 1724 4264 ,

450 4285 585 4347 Parmae.
682 4279 827 4358 prolatam
849 4294 937 4354 super
960 4277 1179 4338 exbabltatione
1197 4277 1278 4354 plani
1298 4275 1451 4354 Cherusci,
1474 4275 1619 4354 approbat
1638 4283 1668 4336 et

681 4377 848 4438 confirmat.
1610 4382 1667 4435 555

283 4480 371 4558 lullo.
444 4476 481 4538 In
493 4479 598 4538 5551515
643 4507 682 4520 -
701 4473 749 4534 Ad
762 4473 1006 4552 supplicationem
1020 4470 1142 4532 Berardi
1153 4469 1362 4549 archiepiscopi
1375 4470 1590 4546 Panormitam,
1607 4472 1669 4548 prl-

421 4577 454 4636 ln
466 4573 617 4636 obsidione
681 4567 1353 4651 5553155551551551555555115555555555551.
1610 4576 1668 4627 555

450 4669 585 4733 Parmae.
