4352 5940
236 581 337 642 tmcr.
352 577 402 654 5.]
684 565 883 632 HISTORIA
904 563 1201 628 utriculanus.
1587 559 1647 624 56¹1

237 711 314 790 chio
329 711 480 798 lancee,
496 704 676 778 liezelinus
691 703 737 776 de
752 704 922 792 Romano,
940 700 1090 772 Ubertus
1106 696 1260 770 marchio
1278 695 1506 788 pelavicinus,
1527 696 1648 768 Petrum

238 833 281 908 de
300 831 459 908 Calabria
480 826 687 902 mariscallie
707 835 825 898 nostre
845 823 1022 917 magister,
1040 821 1176 894 Tadeus
1195 819 1240 894 da
1264 820 1391 894 Suessa
1410 837 1535 912 magne
1553 817 1648 894 curie

239 964 355 1030 nostre
365 953 495 1047 index,
512 949 619 1022 etalii
632 948 869 1043 quamplures.

284 1079 433 1172 Signum
447 1073 579 1148 domini
595 1072 703 1146 nostri
718 1069 881 1144 Friderici
901 1069 965 1140 Dei
982 1067 1093 1160 gratia
1109 1066 1323 1140 invictissimi
1335 1068 1568 1140 Romanorum
1582 1063 1648 1138 im·

240 1201 409 1300 pensionis
425 1219 563 1293 semper
576 1196 729 1290 augusti,
746 1195 937 1268 Jerusalem
951 1201 988 1264 et
1003 1191 1118 1264 Sicilie
1132 1190 1235 1284 regis.

285 1329 377 1400 dota
391 1333 474 1396 sunt
488 1322 554 1394 hec
567 1343 662 1396 anno
675 1317 848 1393 dominico
861 1315 1107 1390 incarnationis
1118 1315 1300 1388 millesimo
1315 1312 1551 1386 ducentesimo
1567 1333 1651 1406 qua·

242 1450 438 1544 dragesimo
468 1446 633 1541 septimo,
657 1465 777 1516 mense
803 1442 959 1534 augusti,
983 1442 1013 1514 V
1040 1439 1254 1530 indictionis,
1284 1438 1477 1533 imperanto
1508 1436 1650 1510 domiuo

243 1583 360 1648 nostro
381 1570 558 1646 Friderico
577 1569 640 1644 Dei
659 1567 771 1662 gratia
793 1564 1018 1638 invictissimo
1034 1566 1269 1638 Romanorum
1285 1561 1494 1658 imperatore
1514 1581 1652 1656 semper

223 1673 404 1790 'auguste
418 1694 608 1768 Jerusalem
628 1701 665 1764 et
684 1690 799 1764 Sicilie
821 1710 916 1780 rege,
937 1688 1071 1782 imperii
1094 1688 1170 1780 ejus
1191 1706 1284 1758 anno
1301 1684 1467 1758 vicesimo
1488 1685 1648 1780 septimo,

245 1819 341 1914 regni
355 1820 542 1892 ierusalem
554 1816 720 1890 vicesimo
733 1813 900 1904 secundo,
917 1811 1016 1906 regni
1029 1832 1115 1884 rero
1133 1810 1246 1884 Sicilie
1262 1808 1529 1904 quadragesimo
1541 1829 1650 1899 nouo,

246 1942 403 2018 feliciter.
423 1941 551 2014 Amen.

290 2068 420 2140 Danum
437 2066 474 2138 in
494 2063 615 2138 rastris
631 2062 667 2136 in
682 2059 863 2136 obsidione
877 2057 1020 2149 Parme,
1035 2077 1147 2148 auno,
1161 2075 1281 2130 meuse
1301 2063 1338 2128 ot
1359 2053 1548 2130 indictione
1569 2073 1651 2150 pre·

246 2188 394 2286 scriptis.

299 2623 538 2710 Innocentius
573 2649 674 2734 papa
696 2621 911 2732 praeposito
935 2623 984 2704 de
1014 2617 1220 2728 Olemberg
1247 2617 1405 2702 mandat
1438 2617 1543 2728 quod
1569 2617 1652 2703 hc·
1700 2639 1752 2724 ,¹2
1777 2639 1838 2724 ¹¹5..

252 2759 368 2841 mines
390 2760 439 2841 de
469 2757 619 2840 Subritz
653 2765 691 2838 et
724 2756 773 2837 de
799 2754 944 2836 Samen
972 2752 1179 2862 villamque
1205 2751 1328 2860 ipsam
1355 2751 1650 2860 Lucernensem,

251 2890 321 2971 nisi
351 2917 373 2972 a
401 2889 550 2974 servitio
577 2899 615 2971 et
641 2887 820 2970 fidelitate
851 2883 1029 2968 Friderici
1055 2884 1251 2994 quondam
1278 2883 1517 2992 imperatoris
1543 2911 1652 2968 rece-

250 3023 356 3130 dant,
374 3019 774 3146 excommunicationis
791 3029 829 3100 et
846 3017 1032 3101 interdicti
1051 3017 1257 3100 sententiae
1275 3027 1476 3128 supponat.

248 3299 253 3308 ,
330 3237 433 3316 (unio.
449 3237 655 3314 Scuourrnur,
669 3233 764 3298 Anat.
779 3229 941 3315 diplomat,
956 3235 1115 3312 supplem,
1130 3251 1161 3312 p.
1176 3241 1247 3308 484,
1262 3249 1280 3296 s
1293 3233 1359 3294 cod.
1375 3233 1472 3296 Vntic.
1488 3236 1589 3309 7¹88.)

294 3421 517 3495 Innocentius
529 3422 728 3516 episcopus,
744 3441 868 3493 servus
882 3441 1063 3492 servorum
1075 3419 1158 3510 Dei,
1174 3419 1302 3491 dilecto
1315 3415 1387 3491 filio
1391 3469 1558 3492 ......
1577 3441 1656 3516 pre·

247 3546 361 3642 posito
380 3546 525 3618 ecclesie
546 3545 590 3618 de
603 3543 775 3618 Olimberc
790 3544 926 3624 ordinis.
937 3543 1261 3638 sanctiAugustini,
1277 3543 1472 3616 Basiliensis
1488 3543 1652 3638 diocesis,

253 3669 398 3740 salutem
419 3679 454 3740 et
468 3665 693 3764 apostolicam
707 3665 1000 3740 benedictionem.
1018 3667 1151 3739 Dilecto
1167 3664 1238 3739 lilio
1259 3664 1366 3739 nobili
1380 3667 1456 3739 viro
1471 3668 1654 3764 liodolpho

250 3792 385 3866 seniore
397 3793 522 3864 comite
537 3792 583 3866 de
595 3791 788 3880 Habeburc,
803 3792 931 3864 devoto
944 3801 1078 3880 nostro,
1091 3791 1288 3886 accepimus
1304 3790 1486 3864 intimante
1500 3793 1597 3885 quod
1609 3793 1654 3866 de

251 3916 386 3990 Subritz
407 3927 445 3990 et
468 3918 514 3989 de
534 3916 668 3990 Sarnen
692 3919 846 3990 locorum
871 3915 1030 3988 homines
1055 3915 1325 3992 Constantiensis
1347 3914 1496 3990 diocesis
1524 3917 1582 4010 qui
1609 3919 1656 3991 ad

252 4037 364 4134 ipsum
384 4039 595 4114 hereditario
611 4043 690 4134 jure
707 4050 878 4136 spectant,
895 4059 917 4112 a
932 4038 1098 4112 lidelitata
1121 4048 1157 4113 et
1177 4039 1331 4113 dominio
1351 4040 1509 4131 ejusdem
1527 4052 1656 4115 temere

252 4165 467 4254 mmdentes,
479 4163 651 4236 Friderioo
664 4165 841 4258 quondam
854 4163 1052 4260 imperatori
1066 4173 1144 4258 post
1156 4164 1262 4234 latam
1275 4163 1312 4234 in
1326 4162 1439 4257 ipsum
1455 4175 1490 4236 et
1504 4165 1657 4239 lautores

251 4310 333 4363 suos
355 4287 722 4362 excommunicationis
744 4289 950 4362 sententiam
976 4288 1135 4383 nequiter
1156 4287 1380 4361 adheserunt.
1398 4289 1441 4360 Et
1460 4287 1541 4362 licet
1560 4299 1656 4385 post·
1729 4317 1733 4320 ·

252 4411 394 4486 modum
409 4411 505 4486 ducti
517 4413 661 4486 consilio
676 4412 818 4504 saniori,
830 4411 974 4507 prestito
983 4412 1183 4505 juramento
1197 4410 1366 4484 firmarint
1380 4412 1478 4506 quod
1493 4413 1560 4486 sub
1575 4405 1658 4488 dicti

253 4534 388 4608 oomids
409 4535 563 4609 dominio
586 4535 632 4608 de
654 4545 771 4610 cetero
796 4535 1039 4632 persistentes,
1064 4535 1130 4632 ipsi
1155 4535 1330 4610 Friderioo
1352 4537 1410 4610 vel
1432 4538 1537 4612 alicui
1559 4539 1660 4614 alteri

249 4670 373 4734 ,conns
385 4660 500 4757 ipsum
517 4660 658 4734 minime
676 4660 872 4753 obedirent,
887 4661 993 4734 iidem
1013 4673 1130 4734 tamon
1142 4660 1334 4756 juramenti
1349 4661 1516 4756 religione
1532 4683 1574 4738 ae
1589 4666 1659 4740 lata
