4306 5914
220 635 320 694 Inter.
336 627 381 710 ·1.]
662 619 859 681 HISTORIA
883 618 1178 685 blaterantes.
1565 622 1627 686 658

266 762 479 852 Fridericus‚
495 759 559 832 Dei
573 755 683 850 gratia
698 757 932 828 Romanorum
950 754 1151 851 imperator,
1167 780 1304 857 semper
1325 770 1510 854 augustus,
1527 762 1626 834 lem.

220 888 328 960 salem
364 895 398 958 et
431 883 546 956 Sicilie
570 903 649 970 rex,
680 879 841 975 potestati
868 876 1039 974 Papiensi‚
1067 878 1163 953 fideli
1187 905 1265 975 suo,
1289 886 1439 978 graciam
1468 893 1628 957 suamet

218 1014 347 1086 bonam
362 1012 592 1083 voluntatem.
609 1006 693 1078 Cum
709 1004 869 1077 vellimus
888 1004 983 1098 quod
1002 1005 1159 1080 terciaria
1177 1019 1408 1103 proventuum
1428 1007 1628 1081 monasterii

219 1135 337 1210 Sancti
351 1132 538 1206 Salvatoris
556 1132 601 1204 de
616 1128 734 1224 Papia,
753 1149 822 1220 que
834 1147 899 1223 pro
913 1127 1008 1199 curia
1022 1139 1140 1201 nostra
1153 1133 1260 1229 recipi
1275 1141 1418 1204 actenus
1431 1133 1624 1222 cousuevit,

221 1269 257 1332 et
271 1259 316 1332 de
330 1279 400 1354 qua
416 1257 530 1329 eidem
550 1251 760 1325 monasterio
775 1249 822 1322 ob
838 1251 1074 1323 reverenciam
1086 1254 1167 1326 Jesu
1182 1253 1303 1326 Christi
1319 1256 1469 1346 graciam
1483 1255 1628 1329 lecimus

220 1383 423 1480 specialem,
439 1401 503 1477 pro
518 1377 705 1451 relectione
719 1373 902 1447 domorum
918 1367 1026 1470 ipsius
1043 1378 1242 1450 monasterii
1258 1380 1454 1472 colligatum
1473 1377 1629 1452 fidelitati

219 1518 278 1581 tue
298 1504 524 1603 precipiendo
548 1501 753 1575 mandamus
773 1498 936 1592 quatinus
952 1521 1057 1595 super
1077 1502 1319 1574 recollectione
1341 1503 1450 1598 ipsius
1473 1503 1628 1578 terciarie

219 1633 373 1726 aliquem
397 1630 512 1702 virum
534 1627 579 1700 de
604 1623 708 1720 Papia
735 1632 866 1694 statuas
888 1622 1053 1695 idoneum
1076 1633 1113 1696 et
1135 1623 1290 1716 fidelem,
1311 1647 1373 1722 par
1394 1647 1500 1721 quem
1524 1627 1629 1700 etlam

220 1757 347 1830 domus
365 1773 487 1825 omnes
508 1750 616 1845 ipsius
635 1746 851 1837 monasterii,
870 1767 940 1840 qna
956 1749 1178 1843 reparaoione
1194 1750 1364 1842 indigent,
1380 1760 1511 1824 statuas
1526 1774 1628 1848 repa·

220 1880 304 1953 rari.
318 1880 430 1974 Super
443 1897 512 1972 qua
527 1874 684 1948 terciaria
698 1894 768 1946 non
785 1871 963 1968 permittas
980 1874 1150 1967 prelatum
1165 1875 1411 1947 monasterium
1424 1897 1489 1970 per
1504 1897 1631 1949 execu-

222 2015 317 2076 tores
339 2001 435 2076 curie
457 2009 574 2072 nostre
598 1997 643 2070 de
664 2007 780 2069 cetero
805 1995 998 2087 molestari,
1019 1997 1120 2089 juxta
1143 1997 1392 2070 immunitatem
1417 1999 1545 2071 exinde
1567 2020 1630 2102 per

220 2139 377 2202 nostram
396 2123 640 2197 excellentiam
653 2121 719 2194 sibi
733 2121 871 2192 tactam.

270 2252 398 2323 Datum
416 2248 512 2345 apud
528 2247 661 2337 Canale,
677 2244 785 2318 tercio
798 2242 1016 2338 septembris,
1034 2243 1095 2318 VII
1111 2243 1319 2317 indictionis.

277 2830 519 2914 Innocentius
536 2857 636 2941 papa
656 2831 873 2914 Hermanno
891 2830 1101 2914 marchioni
1119 2831 1168 2914 de
1186 2831 1314 2915 Baden
1332 2832 1513 2916 ducatum
1532 2832 1631 2915 Aus—
1661 2854 1832 2964 “2qu

223 2963 317 3046 triae
342 2964 410 3073 qui
437 2989 505 3072 per
533 2963 776 3047 donationem
810 2963 855 3047 G.
890 2962 1063 3047 ducissae
1090 2963 1264 3048 Austriae
1290 2965 1419 3047 uxoris
1447 2963 1529 3076 ejus
1559 2965 1631 3074 ipsi

221 3094 391 3206 legitime
415 3095 615 3180 devolutus
635 3096 787 3200 dicitur,
810 3096 1029 3181 auctoritate
1048 3096 1253 3205 apostolica
1271 3097 1485 3181 confirmat.

304 3309 409 3392 (Edid.
425 3311 627 3384 Scnomrm,
641 3310 718 3372 Hiat.
734 3310 806 3370 Zar.
820 3307 959 3385 eadm,
974 3311 1041 3372 cod.
1056 3311 1193 3389 dlptom.,
1206 3319 1230 3373 t.
1244 3311 1298 3386 tv,
1311 3328 1340 3389 p.
1359 3298 1428 3386 att,
1443 3313 1538 3373 ecod.
1551 3310 1629 3376 Blbl.

345 3417 444 3480 Cesar.
459 3419 568 3490 Parta,
581 3435 647 3478 aaa.
654 3413 748 3496 sende
761 3414 826 3488 iat..
843 3426 878 3477 n⁰
891 3417 995 3496 tota.)

274 3605 515 3696 Innocentius,
535 3614 620 3694 etc,
636 3603 743 3678 nobili
756 3605 833 3678 vim
851 3606 1049 3678 Hermanno
1063 3605 1255 3680 marchioni
1273 3605 1318 3678 de
1336 3605 1452 3679 Baden
1457 3658 1628 3682 .....

225 3732 398 3802 Ducatum
421 3729 495 3802 sive
518 3728 749 3825 principatum
774 3727 912 3800 Austris
937 3729 1135 3801 cumomni
1160 3729 1305 3821 honore,
1324 3729 1481 3802 districtu
1499 3741 1534 3802 et
1552 3733 1632 3824 jura

225 3853 334 3949 ipsius
353 3852 414 3924 tibi
437 3852 605 3925 donatum
625 3853 689 3924 rite
706 3845 747 3924 ac
763 3852 951 3924 liberaliter
964 3853 1054 3925 iuter
1073 3853 1206 3926 virosa
1220 3853 1327 3926 nobili
1348 3855 1491 3926 muliere
1507 3855 1549 3928 G.
1566 3857 1632 3928 dm

226 3976 314 4048 cissa
327 3975 465 4048 dustria
478 3997 589 4048 uxore
605 3985 676 4067 tue,
693 3976 738 4048 ad
757 3996 861 4068 quam
877 3976 970 4047 idem
986 3976 1133 4048 ducatus
1150 3997 1212 4070 per
1226 3976 1479 4050 successionem
1495 3978 1632 4053 heredi-

227 4099 363 4189 tariam‚
377 4099 569 4172 secundum
579 4099 756 4193 antiquam
767 4108 802 4170 et
810 4099 1036 4193 approbatam
1049 4099 1156 4194 ipsius
1169 4109 1259 4172 terre
1272 4101 1558 4174 consuetudinem
1567 4125 1633 4178 nec

225 4243 296 4294 non
314 4245 378 4319 per
395 4243 548 4295 summos
563 4221 755 4319 pontifices,
774 4222 999 4317 imperatores
1019 4233 1055 4294 et
1076 4245 1176 4316 reges
1197 4225 1429 4296 Romanorum
1451 4236 1491 4298 ut
1509 4228 1633 4301 asseris

225 4343 477 4435 confirmatam,
496 4345 622 4418 dicitur
639 4345 790 4437 legitime
804 4344 1001 4435 devolutus,
1012 4346 1218 4418 auctoritate
1232 4346 1293 4418 tibi
1307 4346 1496 4442 apostolica
1508 4348 1634 4422 confir·

228 4489 362 4540 mamus
377 4480 414 4541 et
427 4470 596 4565 presentis
611 4468 729 4563 scripti
744 4468 935 4563 patrocimo
950 4469 1215 4542 communImus.
1227 4470 1320 4541 Nulli
1334 4491 1431 4563 ergo,
1441 4480 1508 4544 eto.
1538 4526 1549 4546 .
1579 4528 1589 4546 .
1621 4531 1630 4548 .

228 4602 346 4665 nostre
359 4591 642 4682 confirmationis,
663 4603 729 4664 etc.

275 4718 403 4790 Datum
415 4717 589 4811 Lugduni,
603 4717 708 4790 XVIII
723 4715 888 4790 kalendas
904 4715 1068 4806 octobris,
1087 4737 1179 4788 anno
1193 4717 1250 4789 vl.

307 4837 361 4901 v1.
382 4854 435 4900 rm
446 4857 468 4899 a
1436 4849 1473 4901 8³
