4352 5940
243 609 344 667 lucror.
360 605 407 683 fi.]
687 600 886 664 HISTORIA
910 601 1205 664 lllPLOlllfi'l'lClb
1592 600 1653 662 615

244 751 279 812 et
301 738 523 812 dilectionem
545 745 702 808 mutuam
725 757 767 808 ac
790 736 1011 808 concordiam
1031 737 1221 831 perfectam
1242 733 1404 806 habuisse
1424 733 1651 827 dignoscitur,

244 863 347 934 Terre
363 870 481 934 sancte
499 879 542 932 ac
560 860 636 952 ejus
651 858 903 932 habitatoribus
926 859 1120 931 christianis
1139 880 1203 954 per
1218 880 1255 930 sc
1271 880 1312 930 ac
1327 879 1408 930 suos
1429 857 1556 930 damna
1572 879 1652 951 gra·

245 985 384 1058 vissima
400 995 437 1057 et
452 982 699 1056 inestimabiles
713 982 857 1074 injurias
876 981 1061 1074 irrogarat,
1080 983 1199 1054 lecerit
1211 1003 1275 1078 per
1287 1003 1435 1073 regnum
1448 981 1561 1054 Sicilie
1575 1003 1653 1054 cum

245 1107 407 1180 laudibus
421 1109 469 1180 ad
486 1106 644 1200 ejusdem
660 1105 796 1178 soldani
813 1105 1051 1178 extollentiam
1070 1103 1257 1178 honorifice
1278 1105 1406 1198 suscipi
1424 1115 1460 1176 et
1471 1103 1654 1197 magnifice

246 1232 438 1325 procurari,
456 1251 594 1302 necnon
618 1229 767 1302 aliorum
789 1226 981 1300 infidelium
1005 1228 1206 1324 perniciosis
1226 1238 1261 1300 et
1282 1227 1463 1300 horrendis
1481 1228 1656 1321 obsequiis

247 1365 366 1427 contra
386 1353 508 1427 fideles
531 1355 698 1444 abutens,
716 1352 784 1424 illis
805 1353 867 1446 qui
890 1353 1132 1424 damnabiliter
1146 1351 1400 1446 vilipendentes
1421 1353 1655 1446 Apostolicam
1754 1405 1758 1412 .
1857 1338 1874 1360 ”

249 1479 375 1551 Sedem
385 1480 432 1551 ab
447 1478 580 1550 unitate
597 1477 748 1550 Ecclesie
763 1476 1010 1568 discesserunt,
1024 1474 1262 1571 procuraverit
1278 1475 1476 1547 amicitiast
1489 1475 1656 1548 affinitate

248 1602 431 1695 conjungi,
452 1602 564 1696 ipsum
587 1601 622 1671 in
646 1602 780 1695 prelato
802 1600 948 1672 coneilio
971 1610 1113 1695 propter
1133 1599 1198 1671 hee
1219 1609 1254 1670 et
1276 1598 1344 1670 alia
1361 1598 1510 1693 plurima
1530 1621 1598 1692 que
1620 1599 1655 1670 in

249 1726 421 1798 sententia
435 1736 518 1798 tunc
538 1725 673 1820 prolata
691 1732 812 1796 contra
829 1746 910 1796 eum
928 1745 950 1796 a
969 1711 1221 1819 uobis'pleuius
1236 1723 1471 1813 eontinentur,
1483 1723 1655 1814 abjectum

249 1849 413 1944 omnique
442 1848 637 1921 honoreac
661 1847 828 1940 dignitate
851 1857 921 1918 tam
944 1847 1080 1942 imperii
1103 1868 1209 1940 quam
1233 1867 1419 1937 regnorum
1441 1846 1616 1940 privatum
1637 1867 1656 1918 a

251 1973 396 2048 Domino
412 1972 694 2044 denuntiavimus
710 1993 790 2044 eum
806 1970 1030 2044 nihilominus
1049 1970 1292 2042 sententiando
1310 1969 1500 2064 privantes,
1515 1991 1658 2040 excom·

250 2097 492 2169 municationis
509 2097 709 2169 solemniter
724 2096 760 2167 in
777 2095 941 2168 eumdem
954 2105 1096 2191 propter
1112 2095 1175 2166 has
1191 2103 1226 2166 et
1245 2093 1331 2166 alias
1349 2114 1470 2166 causas
1488 2093 1659 2165 sententia

250 2222 483 2316 promulgata,
497 2241 602 2315 quam
620 2219 841 2315 postmodum
861 2218 1041 2291 annuatim
1059 2218 1163 2290 certis
1181 2217 1455 2290 solemnitatibus
1472 2237 1568 2289 mere
1589 2216 1656 2290 llo·

251 2363 351 2414 mane
367 2343 519 2416 Ecclesia
533 2343 697 2414 duximus
713 2343 962 2416 innovandam.
974 2342 1044 2414 Sed
1056 2342 1131 2437 ipss
1146 2351 1312 2435 tanquam
1326 2341 1362 2412 in
1374 2341 1445 2412 suis
1458 2339 1660 2413 obfirmatus

250 2467 413 2560 nequitiis
432 2488 498 2538 nec
522 2467 639 2540 adhuc
661 2467 706 2538 de
728 2476 798 2538 tam
816 2466 966 2540 nelanda
989 2477 1024 2538 et
1040 2465 1230 2538 damnabili
1251 2464 1447 2558 suspicione
1462 2463 1659 2535 satisfacere

250 2610 316 2660 nec
340 2588 387 2660 ad
413 2589 584 2680 gremium
613 2589 733 2660 matris
764 2589 916 2661 Ecclesia
944 2587 1058 2659 redire
1087 2587 1239 2679 curavit,
1270 2587 1351 2659 licet
1377 2586 1659 2658 Panormitanunr

250 2711 549 2806 archiepiscopum
565 2722 601 2782 et
617 2711 817 2806 episcopum
833 2711 1036 2806 Papiensem
1053 2721 1088 2782 et
1103 2710 1273 2803 quosdam
1289 2711 1375 2782 alios
1388 2709 1434 2782 ad
1449 2709 1568 2782 sedem
1585 2709 1661 2782 des-

252 2818 621 2927 tinariteamdem,qui
631 2835 888 2908 venerabilibus
904 2835 1068 2906 fratribus
1084 2833 1264 2906 Portuensi
1279 2844 1314 2906 et
1327 2833 1516 2907 Albanensi
1530 2834 1659 2928 episco-

251 2959 304 3053 pis
321 2967 358 3030 et
373 2957 500 3031 dilecto
520 2958 592 3031 filio
614 2972 733 3032 nostro
749 2959 791 3030 Η.
815 3011 824 3030 .
849 3011 859 3030 .
879 2958 967 3030 tituli
985 2959 1110 3028 Sancte
1131 2959 1256 3030 Sabine
1275 2959 1478 3053 presbytero
1494 2956 1661 3029 cardinali

250 3103 340 3172 quos
361 3081 412 3154 eis
432 3083 665 3154 concessimus
688 3083 885 3171 auditores,
910 3082 1180 3154 instrumentum
1203 3059 1385 3172 c'ujusdam
1409 3065 1603 3154 tabellionis
1626 3092 1662 3152 et

251 3204 385 3276 litteras
407 3206 558 3278 munitas
582 3206 678 3278 bulla
701 3225 808 3277 aurea
826 3215 1085 3299 presentarunt,
1098 3205 1133 3275 in
1153 3205 1281 3297 quibus
1305 3205 1547 3278 continebatur
1565 3204 1661 3297 quod

251 3347 333 3398 cum
348 3328 442 3400 idem
454 3328 658 3400 Fredericus
673 3328 794 3400 luisset
806 3327 841 3398 in
856 3328 1024 3423 premisso
1037 3327 1183 3399 concilio
1200 3327 1339 3398 habitus
1355 3327 1399 3399 de
1413 3327 1565 3400 heretica
1578 3348 1659 3421 pra·

250 3451 359 3522 vitate
382 3464 577 3548 suspectus,
597 3453 670 3547 ipse
695 3451 926 3544 interrogatus
946 3461 982 3522 et
1003 3451 1223 3522 examinatus
1244 3451 1290 3522 ab
1311 3450 1360 3522 eis
1381 3471 1486 3544 super
1507 3450 1660 3523 articulis

253 3575 426 3647 contentis
448 3575 485 3647 in
506 3553 665 3671 symbolo
682 3586 718 3647 et
732 3575 809 3647 aliis
826 3575 872 3648 ad
891 3573 997 3646 fidem
1019 3574 1224 3646 catholicam
1245 3575 1499 3669 pertinentibus
1515 3575 1606 3647 dixit
1623 3595 1660 3646 se

254 3697 331 3769 illos
346 3695 490 3770 firmiter
505 3701 647 3773 credere
670 3721 712 3772 ac
730 3698 878 3792 juravit;
897 3699 933 3769 in
949 3697 1077 3791 quibus
1093 3698 1197 3770 etiam
1213 3698 1391 3771 constituit
1406 3699 1662 3772 examinatores

254 3818 347 3913 ipsos
363 3830 605 3913 procuratores
623 3843 704 3894 suos
725 3821 771 3894 ad
784 3821 973 3912 jurandum
990 3821 1025 3891 in
1038 3822 1153 3893 anima
1172 3824 1247 3913 ejus
1261 3824 1357 3914 quod
1374 3845 1434 3896 eos
1447 3825 1612 3896 credebat
1627 3836 1663 3894 et

256 3942 302 4014 ad
316 3942 559 4036 purgationem
577 3945 679 4017 etiam
695 3945 731 4016 in
745 3944 920 4039 presentia
936 3955 1053 4017 nostra
1070 3944 1105 4015 in
1120 3947 1196 4017 loco
1212 3945 1339 4018 idoneo
1355 3947 1662 4040 supersuspicione

255 4064 455 4156 hujusmodi
475 4065 700 4140 offerendam.
721 4068 787 4154 Qui
803 4067 867 4140 hec
885 4067 1016 4140 eisdem
1033 4068 1226 4140 retulerunt
1243 4068 1458 4140 auditoribus
1480 4069 1559 4140 viva
1575 4089 1662 4140 voce
1771 4153 1772 4158 Ἰ

247 4187 422 4292 'quodque
444 4189 494 4260 sic
512 4201 611 4262 erant
630 4192 749 4283 jurare
772 4191 896 4284 parati,
912 4211 959 4262 ex
974 4203 1072 4286 parte
1097 4191 1204 4287 ipsius
1226 4191 1398 4264 Frederici
1421 4191 1663 4287 purgationem

256 4309 456 4402 hujusmodi
477 4310 673 4386 offerentes.
692 4315 763 4386 Nos
784 4323 900 4386 autem
922 4313 976 4386 his
996 4314 1180 4387 intellectis
1200 4316 1305 4389 talem
1320 4315 1612 4388 examinationem
1628 4326 1664 4389 et

257 4436 598 4528 purgationem,cum
612 4440 751 4511 necubi
766 4460 831 4511 nec
845 4439 889 4511 de
905 4439 1032 4531 quibus
1049 4461 1164 4533 neque
1178 4461 1295 4512 coram
1307 4442 1433 4534 quibus
1447 4442 1569 4514 debuit
1582 4463 1665 4538 pre·

257 4567 395 4653 sumpta
416 4560 539 4649 luerit,
556 4583 637 4633 cnm
657 4561 763 4634 iidem
785 4561 1037 4634 examinatores
1058 4573 1094 4634 et
1116 4584 1237 4635 eorum
1261 4565 1509 4658 consanguinei
1531 4567 1602 4640 sint
1619 4566 1665 4638 de

259 4679 365 4775 ipsius
382 4683 480 4756 curia
492 4705 555 4756 sen
569 4684 668 4758 terris
688 4685 850 4781 potestati
862 4686 919 4758 vel
935 4686 1052 4757 verius
1075 4687 1249 4784 tyrannidi
1265 4710 1328 4760 sue
1346 4691 1528 4784 subjectis,
1546 4691 1667 4765 illuso·
