4310 5908
235 648 336 710 lrnrur.
352 647 398 731 8.]
675 644 872 707 HISTORIA
897 644 1193 710 utrtolallllcrt.
1581 645 1641 706 'lta

235 784 309 856 sive
333 783 482 880 symboli
510 780 759 856 discrrssionem
787 782 870 854 illue
896 782 1203 879 progrederentur,
1229 782 1292 856 sed
1315 790 1356 854 nt
1374 782 1477 873 juxta
1501 779 1641 853 solitum

237 929 369 980 morem
400 907 565 980 zizaniam
591 905 682 978 inter
701 915 835 1000 patrem
862 904 1022 978 etlilium
1049 907 1272 980 seminarent.
1301 907 1433 1001 Nempe
1459 903 1575 977 statim
1601 912 1642 978 ut

236 1031 454 1104 affectionem
466 1029 657 1123 majestatis
673 1039 753 1101 tuae
770 1028 917 1102 solidam
933 1038 969 1103 et
985 1031 1225 1104 inconcussam
1239 1040 1275 1102 et
1294 1051 1315 1101 a
1331 1029 1516 1102 dilectione
1534 1028 1642 1124 patris

237 1154 504 1252 inseparabilem
525 1155 754 1249 invenerunt,
781 1153 927 1226 ulterius
946 1155 1135 1250 procedere
1158 1176 1228 1227 non
1246 1154 1322 1226 ausi
1341 1163 1441 1244 sunt,
1465 1173 1643 1226 sermones

236 1301 318 1352 snos
341 1278 388 1353 ad
411 1278 623 1372 colloquium
647 1277 952 1350 indeterminatum
977 1279 1212 1369 remittentes,
1239 1287 1279 1349 ut
1306 1276 1372 1349 sub
1388 1277 1455 1350 hoc
1468 1277 1641 1350 velamine

237 1403 433 1496 malignitas
447 1421 568 1474 eorum
584 1410 770 1493 tegeretur.
788 1401 886 1474 Unde
902 1422 951 1474 ox
962 1422 1083 1474 eorum
1100 1403 1227 1474 talibus
1241 1401 1376 1474 actibus
1394 1399 1539 1494 quisque
1558 1421 1642 1474 con·

233 1526 343 1620 jicere
365 1535 400 1599 et
416 1526 624 1598 concludere
646 1526 774 1620 poterit
788 1526 884 1620 quod
897 1547 969 1600 non
989 1535 1071 1598 sunt
1085 1537 1200 1600 rectae
1216 1526 1294 1600 viae
1310 1547 1430 1598 eorum
1450 1535 1488 1596 et
1511 1523 1642 1597 sordidi

237 1649 346 1745 pedes
367 1671 487 1722 eorum
502 1650 548 1722 ad
562 1649 741 1740 Evangelii
755 1649 1061 1744 praedicationem.
1082 1651 1256 1723 Serenitas
1276 1659 1392 1723 autem
1410 1659 1528 1721 nostra
1545 1659 1643 1722 tuum

238 1771 379 1847 filialem
395 1774 555 1848 affectum
573 1782 719 1869 paterno
740 1773 846 1846 modo
861 1773 1040 1869 increpare
1057 1773 1219 1870 proponit
1233 1774 1329 1869 quod
1346 1774 1420 1846 sine
1438 1773 1546 1868 patris
1561 1794 1644 1848 corr·

237 1897 315 1970 silio
337 1899 592 1970 ambassiatores
611 1897 658 1970 ad
672 1915 798 1993 papam
821 1897 957 1970 mittere
975 1899 1137 1989 voluisti,
1153 1920 1379 1992 amoremque
1396 1909 1494 1970 tuum
1513 1898 1646 1970 decuis-

237 2032 293 2094 set
307 2032 461 2094 nostram
475 2021 571 2116 prius
586 2022 763 2115 requirere
778 2023 1005 2094 voluntatem.
1023 2023 1090 2096 lsta
1104 2023 1199 2095 enim
1214 2023 1454 2118 experimento
1468 2023 1646 2114 cognosci·

235 2169 317 2218 mus
342 2155 377 2218 et
401 2145 518 2216 talium
534 2146 729 2239 malignitas
748 2167 812 2218 nos
828 2167 898 2218 non
916 2146 1016 2238 fugit.
1042 2146 1137 2219 Sicut
1155 2157 1274 2219 autem
1291 2169 1356 2219 nos
1377 2168 1424 2218 ex
1442 2147 1547 2218 rebus
1562 2167 1645 2243 sepe

235 2270 541 2344 circumstantibus
553 2271 592 2342 in
605 2270 762 2368 partibus
772 2270 846 2342 istis
859 2270 933 2343 sine
948 2271 1092 2343 consilio
1102 2280 1162 2342 tuo
1174 2270 1307 2364 aliquid
1317 2292 1422 2363 agere
1432 2271 1490 2344 vel
1502 2269 1646 2363 aggredi

238 2415 311 2466 non
338 2395 518 2484 volumus,
541 2393 589 2466 ita
609 2405 726 2490 partes
748 2394 810 2465 tibi
832 2393 987 2467 contines
1006 2394 1130 2467 melius
1145 2403 1248 2468 nolae
1271 2405 1353 2466 sunt
1372 2395 1542 2487 majestati
1566 2404 1646 2490 tuae

238 2538 345 2611 quam
367 2516 635 2612 nobismetipsis
656 2519 719 2590 llla
742 2527 855 2590 umen
873 2539 963 2612 quae
979 2520 1141 2612 majestas
1156 2528 1215 2591 tua
1234 2519 1336 2592 nobis
1351 2517 1556 2611 significarit
1569 2541 1646 2592 sus·

238 2641 413 2735 cepimus,
429 2641 529 2734 quasi
545 2651 682 2714 nostrae
700 2641 872 2714 voluntati
888 2652 923 2714 et
939 2643 1071 2734 judicio
1086 2643 1326 2716 convenirent.
1352 2645 1395 2715 Et
1414 2665 1495 2716 ecce
1515 2639 1641 2717 naresi

238 2765 320 2836 Sine
333 2785 430 2837 mora
446 2787 512 2836 sex
526 2766 595 2837 alia
609 2765 734 2838 idonea
747 2766 886 2858 nauigia
902 2766 1131 2859 aBrundusio
1147 2766 1373 2863 Dyrrachium
1385 2767 1569 2839 mittuntur
1581 2788 1646 2864 pro

239 2887 457 2960 traductione
484 2897 520 2960 et
543 2890 640 2962 salvo
667 2890 943 2961 ambamatomm
972 2899 1110 2961 tuorum
1141 2891 1334 2983 conductu,
1364 2901 1399 2964 et
1422 2892 1573 2984 aliquem
1599 2913 1646 2964 ex

238 3013 336 3084 curia
349 3023 467 3084 nostra
484 3015 558 3104 jam
581 3012 627 3084 ad
643 3013 721 3085 illos
737 3013 1000 3102 destinavimus,
1019 3014 1080 3106 qui
1099 3035 1159 3086 eos
1175 3037 1285 3108 usque
1301 3015 1346 3088 ed
1365 3035 1428 3087 nos
1443 3016 1596 3088 adducat
1611 3026 1646 3088 et

237 3137 415 3209 Fratribus
444 3136 588 3208 mandet
608 3137 704 3229 quod
726 3137 858 3210 tamdiu
882 3137 977 3232 apud
997 3138 1225 3232 Dyrrachium
1240 3140 1446 3211 commorari
1469 3139 1643 3232 debeant,

240 3260 352 3332 donec
379 3261 547 3332 serenitas
567 3271 686 3332 nostra
705 3283 784 3332 cum
806 3260 1102 3334 ambasiatoribus
1124 3263 1313 3355 majestatis
1334 3272 1412 3334 tuae
1433 3265 1644 3360 colloquium

240 3383 422 3476 habuerit3
443 3394 525 3456 tunc
541 3405 625 3457 vero
638 3384 796 3480 protinus
811 3385 950 3478 navigia
964 3387 1183 3458 remittentur
1196 3408 1285 3482 quae
1300 3386 1393 3483 ipsos
1405 3389 1523 3461 adnos
1533 3400 1644 3464 trans·

240 3508 382 3581 vehant.

485 3699 490 3706 .
566 3699 571 3708 ι

295 3947 536 4030 Innocentius
561 3971 661 4057 papa
690 3950 886 4032 communi
915 3948 1101 4038 Tolentini
1132 3975 1202 4058 pro
1219 3950 1363 4034 »devota
1390 3977 1524 4035 eorum
1549 3979 1644 4062 'erga
1721 3967 1797 4053 Ἤ

244 4077 379 4161 Sedem
399 4080 652 4188 Apostolicam
670 4081 760 4189 fide,
786 4091 956 4164 castrum
973 4080 1112 4189 Petini,
1132 4083 1388 4191 possessiones
1409 4097 1448 4170 et
1466 4084 1540 4168 alia
1555 4084 1645 4196 juna

237 4211 291 4292 aad
315 4210 516 4294 civitatem
552 4212 792 4296 Tolentinum
831 4214 1080 4324 pertinentia,
1118 4216 1167 4297 de
1208 4216 1349 4325 quibus
1390 4243 1415 4299 a
1453 4217 1642 4304 Fridcrico

240 4342 435 4448 quondam
458 4343 861 4454 imperatorespoliati
879 4345 1045 4454 fuerant,
1065 4347 1114 4429 de
1136 4348 1261 4454 gratia
1285 4348 1437 4458 speciali
1462 4349 1638 4436 restituit.

322 4549 426 4632 (Edtd.
442 4555 589 4637 Srrrrsrrr,
602 4557 710 4639 Sappr'o
723 4556 755 4619 ιιι·
767 4575 889 4621 namur..
900 4555 1110 4636 did'olectr'cc,
1126 4562 1265 4642 append,
1280 4572 1314 4624 n⁰
1332 4572 1383 4640 tt,
1394 4581 1426 4642 p.
1441 4564 1525 4644 art.)

291 4739 511 4813 Innocentius
537 4742 740 4839 episcopus,
767 4763 890 4818 servus
911 4766 1091 4820 servorum
1111 4748 1191 4839 Dei,
1218 4749 1647 4828 dilectisfilir'scommuni
