<?xml version="1.0" encoding="UTF-8"?>
<!DOCTYPE html PUBLIC "-//W3C//DTD XHTML 1.0 Transitional//EN"
    "http://www.w3.org/TR/xhtml1/DTD/xhtml1-transitional.dtd">
<html xmlns="http://www.w3.org/1999/xhtml" xml:lang="en" lang="en">
 <head>
  <title>
</title>
<meta http-equiv="Content-Type" content="text/html;charset=utf-8" />
  <meta name='ocr-system' content='tesseract 3.04.00' />
  <meta name='ocr-capabilities' content='ocr_page ocr_carea ocr_par ocr_line ocrx_word'/>
</head>
<body>
  <div class='ocr_page' id='page_1' title='image "./historiadiploma00fredgoog/historiadiploma00fredgoog_0372.png"; bbox 0 0 4318 5904; ppageno 0'>
   <div class='ocr_carea' id='block_1_1' title="bbox 800 608 1661 680">
    <p class='ocr_par' dir='ltr' id='par_1_1' title="bbox 800 608 1661 680">
     <span class='ocr_line' id='line_1_1' title="bbox 800 608 1661 680; baseline 0.007 -10"><span class='ocrx_word' id='word_1_1' title='bbox 800 608 1113 680; x_wconf 69' lang='lat' dir='ltr'><strong>austrannum.</strong></span> <span class='ocrx_word' id='word_1_2' title='bbox 1602 614 1661 676; x_wconf 81' lang='lat' dir='ltr'><strong>att</strong></span> 
     </span>
    </p>
   </div>
   <div class='ocr_carea' id='block_1_2' title="bbox 251 743 1664 2460">
    <p class='ocr_par' dir='ltr' id='par_1_2' title="bbox 251 743 1664 2460">
     <span class='ocr_line' id='line_1_2' title="bbox 254 743 1664 842; baseline 0.001 -21"><span class='ocrx_word' id='word_1_3' title='bbox 254 757 289 821; x_wconf 91' lang='lat' dir='ltr'><strong>et</strong></span> <span class='ocrx_word' id='word_1_4' title='bbox 304 756 499 820; x_wconf 89' lang='lat' dir='ltr'><strong>vestrorum</strong></span> <span class='ocrx_word' id='word_1_5' title='bbox 511 743 673 816; x_wconf 91' lang='lat' dir='ltr'><strong>obsidum</strong></span> <span class='ocrx_word' id='word_1_6' title='bbox 687 744 846 837; x_wconf 91' lang='lat' dir='ltr'><strong>datione,</strong></span> <span class='ocrx_word' id='word_1_7' title='bbox 864 743 985 818; x_wconf 85' lang='lat' dir='ltr'><strong>lideles</strong></span> <span class='ocrx_word' id='word_1_8' title='bbox 998 745 1106 817; x_wconf 82' lang='lat' dir='ltr'>nostri</span> <span class='ocrx_word' id='word_1_9' title='bbox 1120 745 1164 818; x_wconf 91' lang='lat' dir='ltr'><strong>de</strong></span> <span class='ocrx_word' id='word_1_10' title='bbox 1181 765 1289 838; x_wconf 80' lang='lat' dir='ltr'><strong>regno</strong></span> <span class='ocrx_word' id='word_1_11' title='bbox 1302 743 1546 819; x_wconf 87' lang='lat' dir='ltr'><strong>fidemavobis</strong></span> <span class='ocrx_word' id='word_1_12' title='bbox 1562 750 1664 842; x_wconf 90' lang='lat' dir='ltr'><strong>pleno</strong></span> 
     </span>
     <span class='ocr_line' id='line_1_3' title="bbox 253 868 1664 964; baseline -0.001 -19"><span class='ocrx_word' id='word_1_13' title='bbox 253 893 295 945; x_wconf 88' lang='lat' dir='ltr'><strong>ac</strong></span> <span class='ocrx_word' id='word_1_14' title='bbox 306 869 425 945; x_wconf 90' lang='lat' dir='ltr'><strong>debite</strong></span> <span class='ocrx_word' id='word_1_15' title='bbox 438 868 633 942; x_wconf 79' lang='lat' dir='ltr'><strong>securitatis</strong></span> <span class='ocrx_word' id='word_1_16' title='bbox 649 879 855 964; x_wconf 80' lang='lat' dir='ltr'>expectent,</span> <span class='ocrx_word' id='word_1_17' title='bbox 873 869 1031 942; x_wconf 87' lang='lat' dir='ltr'><strong>nonnulli</strong></span> <span class='ocrx_word' id='word_1_18' title='bbox 1049 869 1206 942; x_wconf 85' lang='lat' dir='ltr'><strong>exvobis</strong></span> <span class='ocrx_word' id='word_1_19' title='bbox 1220 870 1286 942; x_wconf 91' lang='lat' dir='ltr'><strong>sub</strong></span> <span class='ocrx_word' id='word_1_20' title='bbox 1299 871 1496 943; x_wconf 89' lang='lat' dir='ltr'><strong>velamento</strong></span> <span class='ocrx_word' id='word_1_21' title='bbox 1508 870 1664 944; x_wconf 89' lang='lat' dir='ltr'><strong>fidelium</strong></span> 
     </span>
     <span class='ocr_line' id='line_1_4' title="bbox 253 993 1663 1092; baseline 0.002 -25"><span class='ocrx_word' id='word_1_22' title='bbox 253 1016 317 1092; x_wconf 92' lang='lat' dir='ltr'><strong>per</strong></span> <span class='ocrx_word' id='word_1_23' title='bbox 333 993 460 1090; x_wconf 82' lang='lat' dir='ltr'><strong>Apulia</strong></span> <span class='ocrx_word' id='word_1_24' title='bbox 479 993 685 1064; x_wconf 81' lang='lat' dir='ltr'><strong>maritimam</strong></span> <span class='ocrx_word' id='word_1_25' title='bbox 712 993 964 1084; x_wconf 81' lang='lat' dir='ltr'>discurrentes,</span> <span class='ocrx_word' id='word_1_26' title='bbox 986 994 1166 1090; x_wconf 76' lang='lat' dir='ltr'><strong>piraticam</strong></span> <span class='ocrx_word' id='word_1_27' title='bbox 1187 993 1223 1064; x_wconf 93' lang='lat' dir='ltr'><strong>in</strong></span> <span class='ocrx_word' id='word_1_28' title='bbox 1238 995 1430 1088; x_wconf 79' lang='lat' dir='ltr'><strong>regnicolas</strong></span> <span class='ocrx_word' id='word_1_29' title='bbox 1444 994 1565 1069; x_wconf 88' lang='lat' dir='ltr'>fideles</span> <span class='ocrx_word' id='word_1_30' title='bbox 1580 1018 1663 1070; x_wconf 92' lang='lat' dir='ltr'><strong>nos·</strong></span> 
     </span>
     <span class='ocr_line' id='line_1_5' title="bbox 254 1117 1664 1216; baseline 0.001 -24"><span class='ocrx_word' id='word_1_31' title='bbox 254 1130 325 1192; x_wconf 92' lang='lat' dir='ltr'><strong>tros</strong></span> <span class='ocrx_word' id='word_1_32' title='bbox 351 1127 535 1209; x_wconf 81' lang='lat' dir='ltr'><strong>exercent,</strong></span> <span class='ocrx_word' id='word_1_33' title='bbox 569 1127 605 1188; x_wconf 92' lang='lat' dir='ltr'><strong>et</strong></span> <span class='ocrx_word' id='word_1_34' title='bbox 634 1139 704 1210; x_wconf 92' lang='lat' dir='ltr'><strong>quo</strong></span> <span class='ocrx_word' id='word_1_35' title='bbox 734 1119 845 1210; x_wconf 81' lang='lat' dir='ltr'><strong>magis</strong></span> <span class='ocrx_word' id='word_1_36' title='bbox 872 1139 1054 1191; x_wconf 91' lang='lat' dir='ltr'><strong>movemur</strong></span> <span class='ocrx_word' id='word_1_37' title='bbox 1075 1127 1110 1188; x_wconf 91' lang='lat' dir='ltr'><strong>et</strong></span> <span class='ocrx_word' id='word_1_38' title='bbox 1131 1117 1286 1209; x_wconf 82' lang='lat' dir='ltr'><strong>dignius,</strong></span> <span class='ocrx_word' id='word_1_39' title='bbox 1302 1119 1452 1191; x_wconf 87' lang='lat' dir='ltr'><strong>vaseella</strong></span> <span class='ocrx_word' id='word_1_40' title='bbox 1468 1120 1664 1216; x_wconf 85' lang='lat' dir='ltr'><strong>specialiter</strong></span> 
     </span>
     <span class='ocr_line' id='line_1_6' title="bbox 252 1241 1662 1338; baseline 0.001 -22"><span class='ocrx_word' id='word_1_41' title='bbox 252 1242 454 1336; x_wconf 78' lang='lat' dir='ltr'><strong>navigantis</strong></span> <span class='ocrx_word' id='word_1_42' title='bbox 475 1262 554 1313; x_wconf 93' lang='lat' dir='ltr'><strong>cum</strong></span> <span class='ocrx_word' id='word_1_43' title='bbox 575 1241 680 1313; x_wconf 92' lang='lat' dir='ltr'><strong>rebus</strong></span> <span class='ocrx_word' id='word_1_44' title='bbox 692 1242 820 1314; x_wconf 91' lang='lat' dir='ltr'><strong>nostris</strong></span> <span class='ocrx_word' id='word_1_45' title='bbox 835 1242 1036 1333; x_wconf 88' lang='lat' dir='ltr'><strong>offendunt,</strong></span> <span class='ocrx_word' id='word_1_46' title='bbox 1054 1241 1208 1314; x_wconf 90' lang='lat' dir='ltr'><strong>mentitis</strong></span> <span class='ocrx_word' id='word_1_47' title='bbox 1224 1242 1260 1313; x_wconf 92' lang='lat' dir='ltr'><strong>in</strong></span> <span class='ocrx_word' id='word_1_48' title='bbox 1274 1241 1341 1315; x_wconf 88' lang='lat' dir='ltr'><strong>hiis</strong></span> <span class='ocrx_word' id='word_1_49' title='bbox 1353 1243 1545 1317; x_wconf 84' lang='lat' dir='ltr'><strong>victricium</strong></span> <span class='ocrx_word' id='word_1_50' title='bbox 1561 1245 1662 1338; x_wconf 87' lang='lat' dir='ltr'><strong>aqui·</strong></span> 
     </span>
     <span class='ocr_line' id='line_1_7' title="bbox 252 1364 1661 1463; baseline 0.002 -24"><span class='ocrx_word' id='word_1_51' title='bbox 252 1368 365 1440; x_wconf 88' lang='lat' dir='ltr'><strong>larum</strong></span> <span class='ocrx_word' id='word_1_52' title='bbox 384 1376 582 1439; x_wconf 88' lang='lat' dir='ltr'><strong>nostrarum</strong></span> <span class='ocrx_word' id='word_1_53' title='bbox 599 1364 774 1458; x_wconf 81' lang='lat' dir='ltr'><strong>insigniis,</strong></span> <span class='ocrx_word' id='word_1_54' title='bbox 793 1376 834 1438; x_wconf 92' lang='lat' dir='ltr'><strong>ut</strong></span> <span class='ocrx_word' id='word_1_55' title='bbox 851 1366 1054 1460; x_wconf 79' lang='lat' dir='ltr'><strong>navigantes</strong></span> <span class='ocrx_word' id='word_1_56' title='bbox 1068 1365 1241 1462; x_wconf 91' lang='lat' dir='ltr'><strong>intrepide</strong></span> <span class='ocrx_word' id='word_1_57' title='bbox 1257 1365 1397 1440; x_wconf 90' lang='lat' dir='ltr'><strong>dolosas</strong></span> <span class='ocrx_word' id='word_1_58' title='bbox 1409 1367 1559 1463; x_wconf 90' lang='lat' dir='ltr'><strong>ipsorum</strong></span> <span class='ocrx_word' id='word_1_59' title='bbox 1577 1369 1661 1442; x_wconf 90' lang='lat' dir='ltr'><strong>insi·</strong></span> 
     </span>
     <span class='ocr_line' id='line_1_8' title="bbox 252 1487 1661 1586; baseline 0.001 -22"><span class='ocrx_word' id='word_1_60' title='bbox 252 1491 329 1565; x_wconf 89' lang='lat' dir='ltr'><strong>dias</strong></span> <span class='ocrx_word' id='word_1_61' title='bbox 346 1513 418 1563; x_wconf 93' lang='lat' dir='ltr'><strong>non</strong></span> <span class='ocrx_word' id='word_1_62' title='bbox 437 1498 596 1563; x_wconf 89' lang='lat' dir='ltr'><strong>avertent</strong></span> <span class='ocrx_word' id='word_1_63' title='bbox 616 1487 706 1586; x_wconf 83' lang='lat' dir='ltr'><strong>(sic).</strong></span> <span class='ocrx_word' id='word_1_64' title='bbox 733 1490 818 1562; x_wconf 89' lang='lat' dir='ltr'><strong>Cum</strong></span> <span class='ocrx_word' id='word_1_65' title='bbox 838 1490 956 1584; x_wconf 83' lang='lat' dir='ltr'><strong>igitur,</strong></span> <span class='ocrx_word' id='word_1_66' title='bbox 977 1490 1067 1562; x_wconf 90' lang='lat' dir='ltr'><strong>sicut</strong></span> <span class='ocrx_word' id='word_1_67' title='bbox 1085 1511 1150 1585; x_wconf 92' lang='lat' dir='ltr'><strong>pro</strong></span> <span class='ocrx_word' id='word_1_68' title='bbox 1168 1500 1264 1562; x_wconf 91' lang='lat' dir='ltr'><strong>certo</strong></span> <span class='ocrx_word' id='word_1_69' title='bbox 1292 1501 1468 1581; x_wconf 88' lang='lat' dir='ltr'><strong>tenemus,</strong></span> <span class='ocrx_word' id='word_1_70' title='bbox 1492 1493 1661 1566; x_wconf 85' lang='lat' dir='ltr'><strong>committi</strong></span> 
     </span>
     <span class='ocr_line' id='line_1_9' title="bbox 252 1614 1661 1712; baseline 0.001 -24"><span class='ocrx_word' id='word_1_71' title='bbox 252 1614 410 1712; x_wconf 88' lang='lat' dir='ltr'><strong>predicta</strong></span> <span class='ocrx_word' id='word_1_72' title='bbox 430 1637 501 1687; x_wconf 92' lang='lat' dir='ltr'><strong>non</strong></span> <span class='ocrx_word' id='word_1_73' title='bbox 526 1615 687 1705; x_wconf 88' lang='lat' dir='ltr'><strong>valeant,</strong></span> <span class='ocrx_word' id='word_1_74' title='bbox 711 1615 796 1710; x_wconf 92' lang='lat' dir='ltr'><strong>quin</strong></span> <span class='ocrx_word' id='word_1_75' title='bbox 815 1614 899 1710; x_wconf 92' lang='lat' dir='ltr'><strong>ipsis</strong></span> <span class='ocrx_word' id='word_1_76' title='bbox 915 1614 1137 1687; x_wconf 85' lang='lat' dir='ltr'><strong>conniventia</strong></span> <span class='ocrx_word' id='word_1_77' title='bbox 1150 1625 1266 1688; x_wconf 91' lang='lat' dir='ltr'><strong>vestra</strong></span> <span class='ocrx_word' id='word_1_78' title='bbox 1282 1616 1339 1687; x_wconf 94' lang='lat' dir='ltr'><strong>vel</strong></span> <span class='ocrx_word' id='word_1_79' title='bbox 1353 1635 1543 1688; x_wconf 84' lang='lat' dir='ltr'><strong>consensus</strong></span> <span class='ocrx_word' id='word_1_80' title='bbox 1559 1638 1661 1689; x_wconf 87' lang='lat' dir='ltr'><strong>acce·</strong></span> 
     </span>
     <span class='ocr_line' id='line_1_10' title="bbox 251 1727 1663 1836; baseline 0.001 -24"><span class='ocrx_word' id='word_1_81' title='bbox 251 1740 332 1832; x_wconf 86' lang='lat' dir='ltr'><strong>dat,</strong></span> <span class='ocrx_word' id='word_1_82' title='bbox 350 1739 528 1812; x_wconf 87' lang='lat' dir='ltr'><strong>devotioni</strong></span> <span class='ocrx_word' id='word_1_83' title='bbox 546 1727 661 1812; x_wconf 81' lang='lat' dir='ltr'><strong>vestre</strong></span> <span class='ocrx_word' id='word_1_84' title='bbox 678 1739 885 1812; x_wconf 87' lang='lat' dir='ltr'><strong>mandamus</strong></span> <span class='ocrx_word' id='word_1_85' title='bbox 898 1739 1062 1833; x_wconf 89' lang='lat' dir='ltr'><strong>quatinus</strong></span> <span class='ocrx_word' id='word_1_86' title='bbox 1075 1738 1165 1810; x_wconf 85' lang='lat' dir='ltr'><strong>intra</strong></span> <span class='ocrx_word' id='word_1_87' title='bbox 1182 1739 1270 1812; x_wconf 91' lang='lat' dir='ltr'><strong>duos</strong></span> <span class='ocrx_word' id='word_1_88' title='bbox 1284 1759 1420 1811; x_wconf 90' lang='lat' dir='ltr'><strong>menses</strong></span> <span class='ocrx_word' id='word_1_89' title='bbox 1433 1741 1663 1836; x_wconf 88' lang='lat' dir='ltr'><strong>areceptione</strong></span> 
     </span>
     <span class='ocr_line' id='line_1_11' title="bbox 252 1862 1664 1961; baseline 0 -25"><span class='ocrx_word' id='word_1_90' title='bbox 252 1863 467 1961; x_wconf 91' lang='lat' dir='ltr'><strong>presentium</strong></span> <span class='ocrx_word' id='word_1_91' title='bbox 485 1864 744 1954; x_wconf 91' lang='lat' dir='ltr'><strong>numerandos,</strong></span> <span class='ocrx_word' id='word_1_92' title='bbox 774 1863 927 1959; x_wconf 86' lang='lat' dir='ltr'><strong>dampna</strong></span> <span class='ocrx_word' id='word_1_93' title='bbox 952 1885 1109 1958; x_wconf 87' lang='lat' dir='ltr'><strong>queque,</strong></span> <span class='ocrx_word' id='word_1_94' title='bbox 1132 1884 1201 1956; x_wconf 93' lang='lat' dir='ltr'><strong>que</strong></span> <span class='ocrx_word' id='word_1_95' title='bbox 1220 1863 1293 1954; x_wconf 80' lang='lat' dir='ltr'><strong>Ugo</strong></span> <span class='ocrx_word' id='word_1_96' title='bbox 1312 1862 1357 1936; x_wconf 92' lang='lat' dir='ltr'><strong>de</strong></span> <span class='ocrx_word' id='word_1_97' title='bbox 1386 1863 1472 1935; x_wconf 88' lang='lat' dir='ltr'><strong>Lilla</strong></span> <span class='ocrx_word' id='word_1_98' title='bbox 1498 1865 1664 1957; x_wconf 80' lang='lat' dir='ltr'><strong>magister</strong></span> 
     </span>
     <span class='ocr_line' id='line_1_12' title="bbox 252 1987 1658 2085; baseline 0 -23"><span class='ocrx_word' id='word_1_99' title='bbox 252 1999 458 2085; x_wconf 88' lang='lat' dir='ltr'><strong>procurator</strong></span> <span class='ocrx_word' id='word_1_100' title='bbox 472 1989 567 2061; x_wconf 89' lang='lat' dir='ltr'><strong>curie</strong></span> <span class='ocrx_word' id='word_1_101' title='bbox 585 1989 621 2060; x_wconf 90' lang='lat' dir='ltr'><strong>in</strong></span> <span class='ocrx_word' id='word_1_102' title='bbox 636 1987 781 2084; x_wconf 77' lang='lat' dir='ltr'><strong>Apulia,</strong></span> <span class='ocrx_word' id='word_1_103' title='bbox 798 1987 911 2061; x_wconf 89' lang='lat' dir='ltr'><strong>fidelis</strong></span> <span class='ocrx_word' id='word_1_104' title='bbox 928 1999 1060 2080; x_wconf 92' lang='lat' dir='ltr'><strong>noster,</strong></span> <span class='ocrx_word' id='word_1_105' title='bbox 1074 2009 1138 2084; x_wconf 92' lang='lat' dir='ltr'><strong>per</strong></span> <span class='ocrx_word' id='word_1_106' title='bbox 1150 1988 1282 2060; x_wconf 90' lang='lat' dir='ltr'><strong>litteras</strong></span> <span class='ocrx_word' id='word_1_107' title='bbox 1294 1989 1482 2060; x_wconf 87' lang='lat' dir='ltr'><strong>suasvobis</strong></span> <span class='ocrx_word' id='word_1_108' title='bbox 1492 1991 1658 2081; x_wconf 87' lang='lat' dir='ltr'><strong>ascribet,</strong></span> 
     </span>
     <span class='ocr_line' id='line_1_13' title="bbox 253 2111 1661 2208; baseline 0 -22"><span class='ocrx_word' id='word_1_109' title='bbox 253 2115 355 2186; x_wconf 90' lang='lat' dir='ltr'><strong>nobis</strong></span> <span class='ocrx_word' id='word_1_110' title='bbox 374 2123 410 2186; x_wconf 90' lang='lat' dir='ltr'><strong>et</strong></span> <span class='ocrx_word' id='word_1_111' title='bbox 435 2113 618 2208; x_wconf 81' lang='lat' dir='ltr'><strong>regnicolis</strong></span> <span class='ocrx_word' id='word_1_112' title='bbox 637 2111 801 2186; x_wconf 88' lang='lat' dir='ltr'><strong>fidelibus</strong></span> <span class='ocrx_word' id='word_1_113' title='bbox 826 2113 954 2186; x_wconf 91' lang='lat' dir='ltr'><strong>nostris</strong></span> <span class='ocrx_word' id='word_1_114' title='bbox 979 2113 1073 2184; x_wconf 87' lang='lat' dir='ltr'><strong>illata</strong></span> <span class='ocrx_word' id='word_1_115' title='bbox 1097 2111 1229 2184; x_wconf 78' lang='lat' dir='ltr'><strong>faciatis</strong></span> <span class='ocrx_word' id='word_1_116' title='bbox 1253 2135 1331 2184; x_wconf 93' lang='lat' dir='ltr'><strong>cum</strong></span> <span class='ocrx_word' id='word_1_117' title='bbox 1355 2113 1449 2185; x_wconf 92' lang='lat' dir='ltr'><strong>omni</strong></span> <span class='ocrx_word' id='word_1_118' title='bbox 1464 2113 1661 2205; x_wconf 83' lang='lat' dir='ltr'><strong>integritate</strong></span> 
     </span>
     <span class='ocr_line' id='line_1_14' title="bbox 253 2235 1661 2331; baseline 0 -20"><span class='ocrx_word' id='word_1_119' title='bbox 253 2239 400 2312; x_wconf 88' lang='lat' dir='ltr'><strong>restitui.</strong></span> <span class='ocrx_word' id='word_1_120' title='bbox 417 2238 543 2311; x_wconf 89' lang='lat' dir='ltr'><strong>Scituri</strong></span> <span class='ocrx_word' id='word_1_121' title='bbox 556 2236 670 2331; x_wconf 91' lang='lat' dir='ltr'><strong>quod,</strong></span> <span class='ocrx_word' id='word_1_122' title='bbox 687 2236 716 2308; x_wconf 93' lang='lat' dir='ltr'><strong>si</strong></span> <span class='ocrx_word' id='word_1_123' title='bbox 732 2236 886 2331; x_wconf 91' lang='lat' dir='ltr'><strong>presenti</strong></span> <span class='ocrx_word' id='word_1_124' title='bbox 900 2235 1064 2308; x_wconf 90' lang='lat' dir='ltr'><strong>mandato</strong></span> <span class='ocrx_word' id='word_1_125' title='bbox 1077 2245 1197 2307; x_wconf 93' lang='lat' dir='ltr'><strong>nostro</strong></span> <span class='ocrx_word' id='word_1_126' title='bbox 1210 2257 1280 2308; x_wconf 94' lang='lat' dir='ltr'><strong>uon</strong></span> <span class='ocrx_word' id='word_1_127' title='bbox 1291 2236 1395 2308; x_wconf 89' lang='lat' dir='ltr'><strong>luerit</strong></span> <span class='ocrx_word' id='word_1_128' title='bbox 1406 2237 1535 2309; x_wconf 88' lang='lat' dir='ltr'><strong>avobis</strong></span> <span class='ocrx_word' id='word_1_129' title='bbox 1543 2237 1661 2311; x_wconf 90' lang='lat' dir='ltr'><strong>debita</strong></span> 
     </span>
     <span class='ocr_line' id='line_1_15' title="bbox 251 2360 1661 2460; baseline -0.001 -22"><span class='ocrx_word' id='word_1_130' title='bbox 251 2363 486 2438; x_wconf 84' lang='lat' dir='ltr'><strong>satisfactione</strong></span> <span class='ocrx_word' id='word_1_131' title='bbox 504 2363 681 2460; x_wconf 88' lang='lat' dir='ltr'><strong>provisum</strong></span> <span class='ocrx_word' id='word_1_132' title='bbox 690 2415 701 2453; x_wconf 92' lang='lat'><strong><em>‚</em></strong></span> <span class='ocrx_word' id='word_1_133' title='bbox 723 2360 886 2434; x_wconf 87' lang='lat' dir='ltr'><strong>fidelibus</strong></span> <span class='ocrx_word' id='word_1_134' title='bbox 902 2361 1029 2434; x_wconf 89' lang='lat' dir='ltr'><strong>nostris</strong></span> <span class='ocrx_word' id='word_1_135' title='bbox 1045 2371 1080 2432; x_wconf 91' lang='lat' dir='ltr'><strong>et</strong></span> <span class='ocrx_word' id='word_1_136' title='bbox 1096 2361 1196 2433; x_wconf 92' lang='lat' dir='ltr'><strong>nobis</strong></span> <span class='ocrx_word' id='word_1_137' title='bbox 1211 2360 1316 2453; x_wconf 75' lang='lat' dir='ltr'><strong>digne</strong></span> <span class='ocrx_word' id='word_1_138' title='bbox 1332 2360 1574 2434; x_wconf 87' lang='lat' dir='ltr'><strong>mandabimus</strong></span> <span class='ocrx_word' id='word_1_139' title='bbox 1586 2363 1661 2436; x_wconf 85' lang='lat' dir='ltr'><strong>lore</strong></span> 
     </span>
    </p>
   </div>
   <div class='ocr_carea' id='block_1_3' title="bbox 251 2501 1581 2710">
    <p class='ocr_par' dir='ltr' id='par_1_3' title="bbox 251 2501 1581 2710">
     <span class='ocr_line' id='line_1_16' title="bbox 251 2501 1581 2710; baseline -0.004 -20"><span class='ocrx_word' id='word_1_140' title='bbox 251 2501 428 2690; x_wconf 45' lang='lat' dir='ltr'><strong>caliltdlttrnim</strong></span> <span class='ocrx_word' id='word_1_141' title='bbox 447 2614 543 2710; x_wconf 89' lang='lat' dir='ltr'><strong>apud</strong></span> <span class='ocrx_word' id='word_1_142' title='bbox 562 2612 928 2710; x_wconf 82' lang='lat' dir='ltr'><strong>Aquampendentem,</strong></span> <span class='ocrx_word' id='word_1_143' title='bbox 947 2611 1038 2684; x_wconf 92' lang='lat' dir='ltr'><strong>Xllll</strong></span> <span class='ocrx_word' id='word_1_144' title='bbox 1055 2610 1188 2702; x_wconf 89' lang='lat' dir='ltr'><strong>martii,</strong></span> <span class='ocrx_word' id='word_1_145' title='bbox 1206 2610 1360 2683; x_wconf 89' lang='lat' dir='ltr'><strong>secunde</strong></span> <span class='ocrx_word' id='word_1_146' title='bbox 1372 2610 1581 2685; x_wconf 88' lang='lat' dir='ltr'><strong>indictionis.</strong></span> 
     </span>
    </p>
   </div>
   <div class='ocr_carea' id='block_1_4' title="bbox 253 3139 1859 3520">
    <p class='ocr_par' dir='ltr' id='par_1_4' title="bbox 253 3139 1859 3520">
     <span class='ocr_line' id='line_1_17' title="bbox 306 3139 1859 3258; baseline -0.006 -27"><span class='ocrx_word' id='word_1_147' title='bbox 306 3148 509 3255; x_wconf 82' lang='lat' dir='ltr'><strong>Henricus,</strong></span> <span class='ocrx_word' id='word_1_148' title='bbox 530 3173 596 3229; x_wconf 84' lang='lat' dir='ltr'><strong>rex</strong></span> <span class='ocrx_word' id='word_1_149' title='bbox 615 3144 830 3253; x_wconf 83' lang='lat' dir='ltr'><strong>Sardiniae,</strong></span> <span class='ocrx_word' id='word_1_150' title='bbox 856 3145 953 3227; x_wconf 89' lang='lat' dir='ltr'><strong>sacri</strong></span> <span class='ocrx_word' id='word_1_151' title='bbox 972 3141 1120 3252; x_wconf 89' lang='lat' dir='ltr'><strong>imperii</strong></span> <span class='ocrx_word' id='word_1_152' title='bbox 1139 3141 1179 3222; x_wconf 93' lang='lat' dir='ltr'><strong>in</strong></span> <span class='ocrx_word' id='word_1_153' title='bbox 1198 3139 1307 3223; x_wconf 89' lang='lat' dir='ltr'><strong>ltalia</strong></span> <span class='ocrx_word' id='word_1_154' title='bbox 1325 3139 1494 3249; x_wconf 85' lang='lat' dir='ltr'><strong>legatus,</strong></span> <span class='ocrx_word' id='word_1_155' title='bbox 1515 3139 1661 3224; x_wconf 87' lang='lat' dir='ltr'><strong>civibus</strong></span> <span class='ocrx_word' id='word_1_156' title='bbox 1694 3149 1859 3258; x_wconf 53' lang='lat' dir='ltr'><strong>gffiffl</strong></span> 
     </span>
     <span class='ocr_line' id='line_1_18' title="bbox 253 3273 1661 3389; baseline -0.007 -22"><span class='ocrx_word' id='word_1_157' title='bbox 253 3281 467 3368; x_wconf 88' lang='lat' dir='ltr'><strong>Mantuanis</strong></span> <span class='ocrx_word' id='word_1_158' title='bbox 485 3281 644 3363; x_wconf 90' lang='lat' dir='ltr'><strong>mandat</strong></span> <span class='ocrx_word' id='word_1_159' title='bbox 661 3279 766 3389; x_wconf 89' lang='lat' dir='ltr'><strong>quod</strong></span> <span class='ocrx_word' id='word_1_160' title='bbox 785 3278 1005 3362; x_wconf 88' lang='lat' dir='ltr'><strong>Rainerium</strong></span> <span class='ocrx_word' id='word_1_161' title='bbox 1031 3278 1080 3359; x_wconf 89' lang='lat' dir='ltr'><strong>de</strong></span> <span class='ocrx_word' id='word_1_162' title='bbox 1097 3276 1329 3382; x_wconf 82' lang='lat' dir='ltr'><strong>Moregnnna</strong></span> <span class='ocrx_word' id='word_1_163' title='bbox 1346 3273 1537 3383; x_wconf 87' lang='lat' dir='ltr'><strong>captivum</strong></span> <span class='ocrx_word' id='word_1_164' title='bbox 1559 3275 1661 3383; x_wconf 87' lang='lat' dir='ltr'><strong>apud</strong></span> 
     </span>
     <span class='ocr_line' id='line_1_19' title="bbox 253 3411 1094 3520; baseline -0.013 -20"><span class='ocrx_word' id='word_1_165' title='bbox 253 3442 318 3500; x_wconf 87' lang='lat' dir='ltr'><strong>eos</strong></span> <span class='ocrx_word' id='word_1_166' title='bbox 342 3416 539 3499; x_wconf 89' lang='lat' dir='ltr'><strong>detentum</strong></span> <span class='ocrx_word' id='word_1_167' title='bbox 556 3412 720 3496; x_wconf 90' lang='lat' dir='ltr'><strong>liberum</strong></span> <span class='ocrx_word' id='word_1_168' title='bbox 738 3411 842 3494; x_wconf 86' lang='lat' dir='ltr'><strong>abire</strong></span> <span class='ocrx_word' id='word_1_169' title='bbox 859 3411 1094 3520; x_wconf 88' lang='lat' dir='ltr'><strong>permittant.</strong></span> 
     </span>
    </p>
   </div>
   <div class='ocr_carea' id='block_1_5' title="bbox 333 3620 1663 3814">
    <p class='ocr_par' dir='ltr' id='par_1_5' title="bbox 333 3620 1663 3814">
     <span class='ocr_line' id='line_1_20' title="bbox 333 3620 1663 3714; baseline -0.011 -18"><span class='ocrx_word' id='word_1_170' title='bbox 333 3632 507 3714; x_wconf 80' lang='lat' dir='ltr'><strong>(Memorat.</strong></span> <span class='ocrx_word' id='word_1_171' title='bbox 524 3648 573 3709; x_wconf 87' lang='lat' dir='ltr'><strong>ap.</strong></span> <span class='ocrx_word' id='word_1_172' title='bbox 588 3628 751 3705; x_wconf 75' lang='lat' dir='ltr'><strong>Bosana,</strong></span> <span class='ocrx_word' id='word_1_173' title='bbox 761 3627 873 3710; x_wconf 75' lang='lat' dir='ltr'><strong>depost.</strong></span> <span class='ocrx_word' id='word_1_174' title='bbox 885 3626 1000 3705; x_wconf 64' lang='lat' dir='ltr'><strong>torpor..</strong></span> <span class='ocrx_word' id='word_1_175' title='bbox 1011 3642 1042 3704; x_wconf 91' lang='lat' dir='ltr'><strong>p.</strong></span> <span class='ocrx_word' id='word_1_176' title='bbox 1055 3633 1127 3703; x_wconf 77' lang='lat' dir='ltr'><strong>tta,</strong></span> <span class='ocrx_word' id='word_1_177' title='bbox 1138 3631 1172 3684; x_wconf 81' lang='lat' dir='ltr'><strong>n⁰</strong></span> <span class='ocrx_word' id='word_1_178' title='bbox 1184 3631 1216 3699; x_wconf 82' lang='lat'><strong>6,</strong></span> <span class='ocrx_word' id='word_1_179' title='bbox 1230 3638 1268 3683; x_wconf 85' lang='lat' dir='ltr'><strong>ex</strong></span> <span class='ocrx_word' id='word_1_180' title='bbox 1282 3623 1368 3701; x_wconf 83' lang='lat' dir='ltr'><strong>copta</strong></span> <span class='ocrx_word' id='word_1_181' title='bbox 1380 3622 1469 3683; x_wconf 79' lang='lat' dir='ltr'><strong>seculi</strong></span> <span class='ocrx_word' id='word_1_182' title='bbox 1482 3620 1568 3700; x_wconf 89' lang='lat' dir='ltr'><strong>Xlll,</strong></span> <span class='ocrx_word' id='word_1_183' title='bbox 1583 3620 1663 3700; x_wconf 84' lang='lat' dir='ltr'><strong>apud</strong></span> 
     </span>
     <span class='ocr_line' id='line_1_21' title="bbox 373 3738 553 3814; baseline -0.017 -13"><span class='ocrx_word' id='word_1_184' title='bbox 373 3738 553 3814; x_wconf 79' lang='lat' dir='ltr'><strong>Mantuam.)</strong></span> 
     </span>
    </p>
   </div>
   <div class='ocr_carea' id='block_1_6' title="bbox 301 3916 1265 4017">
    <p class='ocr_par' dir='ltr' id='par_1_6' title="bbox 301 3916 1265 4017">
     <span class='ocr_line' id='line_1_22' title="bbox 301 3916 1265 4017; baseline -0.016 -14"><span class='ocrx_word' id='word_1_185' title='bbox 301 3932 428 4004; x_wconf 89' lang='lat' dir='ltr'><strong>Datum</strong></span> <span class='ocrx_word' id='word_1_186' title='bbox 444 3927 630 4017; x_wconf 81' lang='lat' dir='ltr'><strong>Cremona,</strong></span> <span class='ocrx_word' id='word_1_187' title='bbox 645 3925 757 3998; x_wconf 86' lang='lat' dir='ltr'>XXIX</span> <span class='ocrx_word' id='word_1_188' title='bbox 768 3922 875 4017; x_wconf 91' lang='lat' dir='ltr'><strong>junii,</strong></span> <span class='ocrx_word' id='word_1_189' title='bbox 895 3920 1048 3993; x_wconf 92' lang='lat' dir='ltr'><strong>secunda</strong></span> <span class='ocrx_word' id='word_1_190' title='bbox 1064 3916 1265 3991; x_wconf 87' lang='lat' dir='ltr'><strong>indictione.</strong></span> 
     </span>
    </p>
   </div>
   <div class='ocr_carea' id='block_1_7' title="bbox 306 4446 1845 4581">
    <p class='ocr_par' dir='ltr' id='par_1_7' title="bbox 306 4446 1845 4581">
     <span class='ocr_line' id='line_1_23' title="bbox 306 4446 1845 4581; baseline -0.004 -48"><span class='ocrx_word' id='word_1_191' title='bbox 306 4451 510 4561; x_wconf 89' lang='lat' dir='ltr'><strong>Henricus,</strong></span> <span class='ocrx_word' id='word_1_192' title='bbox 530 4483 597 4538; x_wconf 80' lang='lat' dir='ltr'><strong>rex</strong></span> <span class='ocrx_word' id='word_1_193' title='bbox 616 4455 831 4560; x_wconf 90' lang='lat' dir='ltr'><strong>Sardiniae,</strong></span> <span class='ocrx_word' id='word_1_194' title='bbox 852 4453 949 4536; x_wconf 87' lang='lat' dir='ltr'><strong>sacri</strong></span> <span class='ocrx_word' id='word_1_195' title='bbox 967 4452 1116 4562; x_wconf 90' lang='lat' dir='ltr'><strong>imperii</strong></span> <span class='ocrx_word' id='word_1_196' title='bbox 1137 4451 1176 4531; x_wconf 91' lang='lat' dir='ltr'><strong>in</strong></span> <span class='ocrx_word' id='word_1_197' title='bbox 1201 4449 1308 4533; x_wconf 87' lang='lat' dir='ltr'><strong>ltalia</strong></span> <span class='ocrx_word' id='word_1_198' title='bbox 1328 4447 1497 4557; x_wconf 86' lang='lat' dir='ltr'><strong>legatus,</strong></span> <span class='ocrx_word' id='word_1_199' title='bbox 1517 4446 1663 4528; x_wconf 87' lang='lat' dir='ltr'><strong>civibus</strong></span> <span class='ocrx_word' id='word_1_200' title='bbox 1717 4481 1845 4581; x_wconf 48' lang='lat' dir='ltr'><strong>mi·</strong></span> 
     </span>
    </p>
   </div>
   <div class='ocr_carea' id='block_1_8' title="bbox 254 4579 1814 4833">
    <p class='ocr_par' dir='ltr' id='par_1_8' title="bbox 254 4579 1814 4833">
     <span class='ocr_line' id='line_1_24' title="bbox 254 4579 1814 4699; baseline -0.005 -31"><span class='ocrx_word' id='word_1_201' title='bbox 254 4583 470 4670; x_wconf 86' lang='lat' dir='ltr'><strong>Mantuanis</strong></span> <span class='ocrx_word' id='word_1_202' title='bbox 496 4587 627 4672; x_wconf 89' lang='lat' dir='ltr'><strong>scribit</strong></span> <span class='ocrx_word' id='word_1_203' title='bbox 652 4589 757 4699; x_wconf 91' lang='lat' dir='ltr'><strong>quod</strong></span> <span class='ocrx_word' id='word_1_204' title='bbox 787 4586 1027 4670; x_wconf 90' lang='lat' dir='ltr'><strong>Leonardum</strong></span> <span class='ocrx_word' id='word_1_205' title='bbox 1059 4586 1108 4667; x_wconf 92' lang='lat' dir='ltr'><strong>de</strong></span> <span class='ocrx_word' id='word_1_206' title='bbox 1138 4583 1292 4666; x_wconf 88' lang='lat' dir='ltr'><strong>Caserte</strong></span> <span class='ocrx_word' id='word_1_207' title='bbox 1319 4581 1359 4663; x_wconf 95' lang='lat' dir='ltr'><strong>in</strong></span> <span class='ocrx_word' id='word_1_208' title='bbox 1382 4579 1663 4690; x_wconf 86' lang='lat' dir='ltr'><strong>&#39;possessionem</strong></span> <span class='ocrx_word' id='word_1_209' title='bbox 1751 4590 1814 4635; x_wconf 57' lang='grc' dir='ltr'><strong>Μ</strong></span> 
     </span>
     <span class='ocr_line' id='line_1_25' title="bbox 254 4716 1308 4833; baseline -0.001 -34"><span class='ocrx_word' id='word_1_210' title='bbox 254 4716 458 4804; x_wconf 82' lang='lat' dir='ltr'><strong>feudorum</strong></span> <span class='ocrx_word' id='word_1_211' title='bbox 483 4721 631 4833; x_wconf 90' lang='lat' dir='ltr'><strong>imperii</strong></span> <span class='ocrx_word' id='word_1_212' title='bbox 654 4722 777 4804; x_wconf 91' lang='lat' dir='ltr'><strong>eidem</strong></span> <span class='ocrx_word' id='word_1_213' title='bbox 802 4720 1084 4830; x_wconf 86' lang='lat' dir='ltr'><strong>assignatorum</strong></span> <span class='ocrx_word' id='word_1_214' title='bbox 1111 4719 1308 4801; x_wconf 87' lang='lat' dir='ltr'><strong>inducant.</strong></span> 
     </span>
    </p>
   </div>
   <div class='ocr_carea' id='block_1_9' title="bbox 0 0 2164 5904">
    <p class='ocr_par' dir='ltr' id='par_1_9' title="bbox 0 0 2164 5904">
     <span class='ocr_line' id='line_1_26' title="bbox 0 0 2164 5904; baseline 0 2"><span class='ocrx_word' id='word_1_215' title='bbox 0 0 2164 5904; x_wconf 95' lang='lat' dir='ltr'><strong> </strong></span> 
     </span>
    </p>
   </div>
  </div>
 </body>
</html>
