4352 5940
221 607 323 668 hmcr.
340 599 385 688 6.]
669 601 868 664 HISTORIA
892 602 1189 666 btrtotttttct.
1578 601 1636 662 581

305 767 401 847 (lldtt.
417 767 449 826 lu
465 763 548 824 Patr.
562 761 597 824 de
611 761 677 826 Vin.
693 763 855 844 epiet.,llb.
867 765 894 845 l,
905 782 970 844 cap.
982 765 1042 846 tv,
1057 767 1126 828 coll.
1142 782 1212 828 cum
1228 767 1319 828 varlls
1335 764 1412 826 Bibt.
1428 762 1526 824 Cesar.
1541 763 1636 823 Parls.

343 866 523 944 codicibus.)

259 1059 383 1155 Neper
391 1055 587 1148 excogitate
596 1056 818 1150 malignitatis
830 1057 1238 1149 astutiam,istellomane
1246 1057 1345 1130 Sedis
1356 1055 1639 1129 antistesdudum

226 1183 337 1254 sactus
354 1180 456 1253 nobis
475 1178 655 1267 insidians,
677 1179 719 1250 iis
738 1201 806 1271 que
828 1179 893 1251 Dei
911 1190 993 1252 sunt
1008 1181 1113 1274 longe
1131 1180 1302 1276 sepositis,
1321 1181 1366 1253 de
1382 1179 1561 1275 pravitatis
1576 1178 1639 1250 be·

228 1305 333 1376 retice
348 1312 456 1399 puteo
470 1311 617 1376 conetur
631 1324 769 1398 semper
783 1301 970 1375 exhaurire
985 1303 1158 1396 suffragia,
1171 1304 1298 1398 quibus
1311 1302 1507 1375 evidentem
1523 1311 1640 1373 nostre

226 1449 330 1500 cause
342 1426 511 1520 justitiam
528 1425 720 1514 decoloret,
737 1425 920 1498 effundens
932 1425 1061 1499 bibulis
1074 1428 1219 1499 auribus
1234 1427 1340 1498 tellite
1354 1424 1563 1497 conscientie
1581 1445 1641 1496 ca·

225 1571 348 1641 nones,
361 1561 403 1622 ut
415 1548 525 1644 quisti
539 1559 737 1621 nostrorum
752 1547 910 1620 bdelium
922 1548 1031 1622 vitam
1046 1550 1159 1645 pariat
1173 1549 1380 1642 inquietam,
1395 1547 1514 1620 habita
1528 1567 1642 1642 nuper

226 1675 382 1767 diligenti
397 1673 595 1770 provisione
609 1674 784 1746 sancimus
802 1674 897 1767 quod
915 1674 1127 1768 quicumque
1143 1675 1290 1746 clericus
1306 1675 1362 1746 vel
1378 1672 1576 1766 religiosus,
1593 1671 1641 1746 ad

228 1800 350 1894 papale
371 1820 434 1870 seu
453 1798 587 1893 papalis
610 1799 715 1890 legati
734 1797 952 1886 mandatum,
969 1799 1106 1891 publice
1121 1799 1237 1870 forsan
1260 1797 1440 1869 obmiserit
1458 1796 1642 1868 missarum

228 1921 383 1994 solennia
398 1943 460 1994 seu
474 1920 542 1993 alia
556 1920 675 1992 divina
692 1920 804 1993 officia
823 1922 1015 2009 celebrare,
1035 1931 1070 1992 et
1085 1921 1315 1992 ecclesiastica
1330 1929 1545 1992 sacramenta
1558 1917 1643 1991 fide-

228 2046 317 2117 libus
341 2046 526 2140 propinare
549 2045 747 2136 negaverit,
763 2044 808 2116 de
831 2045 971 2116 civitate
996 2046 1052 2116 vel
1075 2045 1168 2135 loco,
1187 2043 1286 2138 cujus
1304 2043 1417 2116 incola
1434 2043 1639 2139 reperietur,

228 2169 372 2260 ejectus,
384 2168 456 2240 suis
471 2167 572 2240 bonis
586 2167 749 2239 omnibus
764 2168 1063 2263 patrimonialibus
1080 2178 1116 2241 et
1132 2169 1383 2258 ecclesiasticis,
1399 2178 1439 2239 ut
1453 2188 1580 2262 penam
1597 2165 1641 2238 de

227 2301 323 2364 muta
333 2292 528 2364 temeritate
543 2291 662 2363 tulisse
674 2311 712 2362 se
725 2290 858 2380 doleat,
868 2292 1049 2387 spolietur;
1064 2291 1198 2364 clericis
1208 2313 1294 2364 vero
1307 2291 1472 2388 mandato
1486 2289 1642 2386 predicto
1741 2274 1746 2288 ’

226 2437 350 2510 parere
380 2415 581 2488 uolentibus
604 2424 640 2486 et
663 2415 698 2486 in
724 2413 793 2486 fids
814 2426 933 2488 nostra
959 2416 1174 2489 ferventibus
1200 2416 1448 2505 ecclesiastica,
1474 2415 1643 2509 patrimo·

226 2539 332 2610 nialla
366 2550 484 2610 autem
524 2540 619 2611 bona
653 2539 821 2634 proximis
860 2539 909 2611 ab
949 2540 1113 2613 intestato
1147 2541 1368 2613 venientibus
1407 2539 1638 2632 assignentur.

229 2661 420 2734 statuimus
444 2662 549 2734 otiam
580 2672 622 2734 ut
644 2663 730 2734 nulli
756 2662 905 2754 religiosi
930 2663 1136 2737 decivitate
1160 2663 1391 2736 incivitatem
1423 2663 1576 2736 audeant
1607 2685 1646 2736 so

229 2788 432 2876 transferre,
447 2787 515 2858 nisi
532 2787 714 2882 potestatis
728 2787 815 2878 loci,
832 2787 877 2860 de
896 2809 966 2880 quo
980 2787 1046 2859 iter
1062 2787 1248 2882 arripient,
1266 2787 1512 2860 testimoniales
1527 2786 1647 2858 literas

230 2911 409 3000 delerant,
426 2921 460 2982 et
478 2911 564 2982 alias
578 2911 647 2984 sint
663 2911 819 2985 moribus
833 2921 869 2984 et
885 2911 958 2984 vita
974 2911 1181 3003 laudabiles,
1198 2933 1241 2984 ac
1255 2911 1383 2984 nostris
1398 2910 1560 2985 fidelibus
1574 2931 1645 2984 non

231 3035 355 3127 ignoti.
372 3035 537 3107 volentes
553 3035 659 3126 igitur
671 3033 735 3106 bes
748 3056 858 3108 novas
870 3047 988 3108 nostre
1003 3035 1244 3108 munificentie
1264 3037 1460 3109 sanctiones
1479 3057 1503 3108 a
1520 3033 1647 3108 uostris

230 3156 393 3230 fidelibus
412 3157 657 3232 iuviolabiliter
671 3159 871 3248 observari,
889 3170 948 3231 tue
969 3159 1148 3232 devotioni
1168 3159 1380 3255 precipimus
1397 3167 1570 3252 maenus
1587 3177 1648 3228 eas

231 3303 294 3376 per
315 3293 427 3354 terras
450 3283 624 3374 quaslibet
644 3291 701 3354 tue
714 3282 946 3374 jurisdictioni
967 3283 1111 3355 traditas
1130 3305 1194 3379 per
1216 3293 1250 3355 te
1273 3283 1443 3378 imperiali
1465 3302 1646 3376 program-

231 3415 322 3476 mate
338 3405 545 3499 publicatas,
558 3405 648 3476 inter
661 3415 789 3478 statuta
801 3405 950 3478 civitatis
964 3406 1212 3501 cujuslibet,ut
1223 3408 1319 3478 nulla
1330 3407 1375 3479 sit
1389 3407 1423 3477 in
1440 3405 1648 3478 executione

232 3527 430 3619 diversitas,
443 3528 731 3601 inextricabiliter
738 3529 866 3623 jubeas
879 3529 1096 3620 inserendas,
1106 3539 1141 3601 et
1152 3531 1334 3626 promittas
1347 3529 1648 3602 nosinlallibilitcr

232 3662 443 3724 servaturos.
461 3651 550 3738 Huic
571 3653 676 3725 etiam
701 3653 927 3749 publicationi
948 3653 1091 3746 adjicias
1108 3654 1204 3748 quod
1221 3654 1353 3726 clericis
1368 3655 1530 3728 omuibus
1546 3653 1649 3727 nobis

234 3775 404 3848 adherere
423 3776 621 3848 volentibus
647 3786 684 3849 et
707 3777 873 3850 mandata
894 3778 1069 3873 presentia
1089 3778 1216 3850 devote
1238 3778 1459 3850 servantibus
1481 3778 1649 3850 inviolata

233 3899 364 3970 servari
380 3900 544 3971 volumus
558 3900 675 3972 omnia
691 3923 813 3973 eorum
830 3901 1012 3996 privilegia
1031 3913 1067 3974 et
1090 3902 1339 3974 ecclesiasticas
1361 3902 1564 3974 libertates:
1582 3921 1649 3972 nec

233 4023 278 4094 ad
291 4045 417 4118 pacem
426 4023 486 4096 vel
496 4024 716 4097 concordiam
731 4047 810 4097 cum
822 4046 913 4120 papa
924 4026 1081 4122 predicto
1093 4047 1130 4099 se
1145 4037 1261 4100 nostra
1274 4026 1441 4099 serenitas
1454 4024 1646 4114 inclinabit,

233 4147 300 4218 nisi
321 4147 423 4243 prius
443 4147 551 4220 iidem
577 4149 693 4221 clerici
714 4149 750 4220 in
774 4148 915 4244 plenam
944 4150 1197 4245 possessionem
1224 4151 1379 4222 omnium
1412 4151 1584 4222 bonorum
1613 4159 1651 4222 et

233 4269 488 4342 restitutionem
503 4271 638 4343 ordinis
651 4281 690 4344 ot
702 4270 860 4364 bouum,
875 4273 1006 4365 quibus
1019 4273 1161 4346 lorsitan
1179 4295 1242 4369 per
1252 4272 1403 4348 eundem
1419 4271 1545 4370 privati
1558 4271 1651 4346 exti-

235 4393 356 4484 terint,
372 4394 508 4488 integre
525 4395 749 4468 reducantur.

761 4615 1123 4654 -—-000—-—--
