4300 5916
1068 613 1250 678 ΕΟΜΜΜΜ
1274 615 1425 693 QUAM!

764 871 876 880 -.ιο-ι-
1420 870 1732 882 ——n—--n

357 1128 494 1184 ww·
598 1124 795 1208 Conradus
830 1125 1090 1210 Romanorum
1113 1129 1152 1208 in
1174 1153 1214 1210 re
1240 1153 1302 1210 em
1320 1128 1460 1210 electus
1521 1126 1605 1208 rivi]
1656 1127 1734 1209 'um
1753 1126 1803 1209 ab
1822 1126 1876 1206 im

386 1184 461 1236 m
542 1267 667 1340 ratore
683 1187 879 1366 patre’suo
897 1259 1075 1369 hospitali
1094 1155 1253 1344 Sanctege
1272 1261 1412 1344 Mariae
1431 1154 1752 1343 Tiguunigrum
1769 1260 1817 1341 de
1833 1151 1940 1342 bairis

540 1389 689 1498 imperii
725 1390 940 1475 feudalibus
974 1418 1075 1482 anno
1114 1395 1215 1475 1225
1249 1393 1464 1498 indultum,
1494 1403 1650 1476 renovat
1678 1404 1716 1475 et
1742 1392 1938 1475 inserendo

539 1521 752 1605 confirmat.

619 1734 714 1814 (udtt.
731 1740 762 1797 tn
775 1735 943 1800 Brandcab.
956 1739 1143 1818 morpctiom
1158 1737 1269 1813 Gari„
1284 1757 1314 1818 p.
1336 1749 1404 1819 tot,
1418 1740 1487 1800 cott.
1502 1756 1571 1800 cum
1585 1756 1651 1817 cop.
1663 1740 1798 1802 authent.
1811 1741 1844 1799 tn
1856 1739 1934 1801 matr.

657 1842 828 1922 stuttgart.)

570 2029 781 2120 ¹Conradus,
801 2029 874 2102 divi
892 2031 1030 2122 augusti
1048 2031 1264 2126 imperatoris
1282 2030 1453 2103 Frederici
1471 2029 1580 2120 filius,
1602 2031 1664 2102 Dei
1684 2030 1795 2123 gratia
1813 2029 1935 2102 Roma·

536 2173 660 2226 norum
677 2154 713 2224 iu
728 2175 846 2245 regem
863 2155 993 2227 electus
1009 2175 1147 2249 semper
1158 2165 1325 2248 augustus
1340 2170 1376 2228 et
1391 2154 1493 2227 heres
1507 2155 1605 2246 regni
1617 2153 1846 2244 iherusalem,
1860 2153 1936 2226 uni·

536 2278 646 2348 versis
654 2277 778 2349 Christi
788 2275 949 2350 fidelihus
962 2289 1158 2373 presentem
1168 2279 1319 2351 litteram
1327 2278 1517 2372 cognituris
1531 2279 1566 2348 in
1577 2289 1796 2372 perpetuum.
1806 2279 1936 2352 Terrore

534 2401 749 2494 presentium
761 2402 894 2473 cunctis
910 2400 986 2474 fieri
1004 2403 1162 2498 cupimus
1181 2402 1401 2474 manifestum
1416 2402 1510 2496 quod
1526 2423 1590 2474 uos
1611 2401 1819 2474 serenissimi
1832 2402 1936 2496 patris

535 2533 571 2594 et
587 2524 719 2597 domiui
737 2525 846 2598 nostri
863 2525 935 2597 divi
956 2526 1094 2617 augusti
1108 2525 1272 2598 Friderici
1288 2525 1506 2620 imperatoris
1522 2546 1665 2618 presens
1685 2523 1849 2619 scriptum
1866 2546 1934 2599 non

533 2649 774 2739 cancellatum,
790 2670 860 2720 non
870 2648 1048 2740 viciatum,
1065 2672 1135 2722 non
1149 2650 1314 2720 abolitum
1328 2670 1393 2720 nec
1409 2648 1444 2719 in
1456 2647 1572 2743 aliqua
1586 2657 1684 2742 parte
1698 2648 1934 2738 lesum‚aurea

533 2773 628 2844 bulta
642 2773 848 2865 sigillatum,
869 2773 1021 2844 vidimus
1037 2783 1072 2846 et
1091 2773 1288 2845 audivimus
1301 2773 1337 2843 in
1356 2773 1422 2845 hec
1435 2774 1542 2845 verba
1558 2772 1814 2868 conscriptum:

582 2895 764 2992 (Sequitur
776 2896 821 2968 de
836 2897 945 2969 verbo
958 2896 1004 2968 ad
1018 2896 1165 2968 verbum
1179 2896 1397 2991 privilegium
1416 2896 1581 2968 Fu'derici
1598 2896 1640 2986 11,
1662 2896 1783 2969 datum
1799 2895 1933 2991 Capuae

532 3040 651 3092 meuse
668 3021 844 3113 januario,
866 3043 958 3094 anno
980 3021 1173 3093 dominicae
1195 3021 1441 3093 incarnationis
1464 3021 1510 3094 M.
1523 3019 1718 3113 coxxtu,
1746 3021 1932 3094 indictione
2039 3029 2042 3036 ⁴

531 3145 728 3216 undecima.
744 3145 824 3216 Vid.
838 3167 956 3240 supra,
972 3154 1056 3216 tom.
1076 3147 1117 3233 Μ,
1132 3167 1169 3239 p.
1189 3143 1291 3239 294.)

580 3271 618 3340 tn
639 3271 738 3360 cujus
758 3269 808 3340 rei
829 3269 1062 3340 testimonium
1088 3279 1123 3340 et
1142 3271 1309 3360 maJorem
1328 3268 1556 3360 evidentiam,
1575 3267 1788 3340 invictissimi
1803 3268 1930 3342 domiui

531 3404 567 3464 et
582 3392 747 3485 genitoris
759 3393 868 3464 nostri
885 3392 1049 3465 Friderici
1064 3391 1297 3463 Romanorum
1312 3391 1529 3486 imperatoris
1546 3411 1683 3485 semper
1700 3391 1836 3484 augusti
1853 3413 1930 3464 ves·

531 3517 622 3608 tigiis
646 3514 858 3603 inherentes,
878 3516 1023 3608 gratiam
1048 3515 1209 3609 hospitati
1228 3517 1353 3586 Sancte
1376 3514 1483 3587 Marie
1507 3512 1552 3587 de
1576 3515 1681 3589 domo
1699 3514 1928 3587 Tucutonico·

530 3660 608 3710 rum
623 3639 793 3711 indultam
809 3647 920 3710 ratam
936 3647 971 3710 et
988 3648 1121 3730 gratam
1141 3638 1323 3728 habemus,
1343 3659 1554 3732 presensque
1577 3637 1794 3732 privilegium
1820 3639 1928 3731 sigillo

528 3777 647 3835 nostre
662 3760 849 3852 majestatis
867 3761 1030 3832 fratribus
1043 3761 1088 3832 de
1103 3761 1208 3832 domo
1225 3759 1380 3856 predicta
1396 3761 1557 3833 dedimus
1572 3762 1783 3834 roboratum.

576 3889 702 3959 Datum
715 3884 942 3976 Hagenowie,
957 3904 1050 3955 auno
1065 3885 1201 3956 Domini
1212 3885 1258 3956 Μ.
1271 3884 1332 3956 CC.
1344 3883 1611 3977 quadragesimo
1627 3885 1795 3976 secundo,
1812 3905 1928 3957 meuse

524 4012 643 4102 junio,
658 4009 846 4082 indictione
862 4007 1130 4100 quintadecima.

729 4300 1721 4312 -——-———-—-—-.———-——————

337 4545 476 4654 11·eie=1·=¹⁹“‚‘¹
579 4561 843 4674 Conradus,
833 4591 873 4646 111
903 4566 1162 4649 Romanorum
1192 4590 1322 4676 regem
1357 4563 1519 4670 electus,
1555 4559 1718 4645 Johauui
1753 4559 1925 4704 episcopo

366 4653 437 4706 ’ω
438 4673 706 4778 Mindensi
730 4697 900 4780 concedit
918 4707 961 4779 ut
978 4699 1108 4780 omnia
1128 4697 1251 4782 officia
1270 4698 1319 4780 ad
1337 4696 1594 4805 episcopatum
1611 4690 1837 4804 pertinentia
1854 4687 1923 4799 ipsi
