4310 5908
226 617 393 696 harad]
681 613 878 677 lllS'l'OlllA
902 613 1197 678 blancelande.
1580 615 1641 681 781

227 750 328 822 ciurii
359 749 560 845 capitanata
589 749 721 823 litteras
747 749 982 845 infrascriptae
1008 750 1151 842 detulit,
1174 771 1322 846 quarum
1343 751 1556 825 continentia
1579 773 1644 848 per

227 875 347 947 omnia
364 875 442 946 talis
461 883 535 946 erat
558 903 569 946 ε

276 998 460 1070 Nobilibus
473 998 557 1070 viris
569 997 880 1071 domino'Cunterio
890 997 1061 1093 imperiali
1077 999 1267 1072 castellano
1280 999 1379 1072 Troie
1396 1009 1432 1072 et
1441 998 1550 1092 judici
1558 1001 1642 1074 Sca·

226 1122 332 1195 lionis
362 1122 407 1195 de
424 1123 528 1214 Fogia
552 1121 671 1195 amicis
695 1122 782 1212 suis,
801 1123 987 1196 Gervasius
1009 1122 1054 1194 de
1076 1123 1224 1196 Martina
1236 1123 1423 1218 imperialis
1434 1124 1644 1216 justiciarius

227 1246 431 1340 Capitanate
449 1247 598 1317 salutem
617 1254 652 1316 et
671 1266 826 1317 amorem
847 1245 1034 1318 sincerum.
1057 1246 1152 1318 Inter
1173 1246 1241 1320 alia
1262 1247 1412 1341 capitula
1434 1247 1470 1318 in
1489 1248 1643 1341 quodam

229 1390 331 1442 sacro
349 1369 518 1465 imperiali
536 1369 702 1442 mandato
716 1370 853 1442 noviter
868 1370 970 1442 nobis
982 1370 1107 1460 missa,
1129 1370 1320 1466 capitulum
1332 1371 1552 1466 recepimus:

282 1545 700 1566 ...........
726 1495 812 1568 Cum
831 1494 878 1567 ad
898 1495 976 1566 loca
992 1493 1206 1567 venerabilia
1221 1515 1291 1588 que
1304 1493 1424 1568 divino
1437 1494 1547 1566 cultui
1562 1504 1645 1568 sunt

230 1618 392 1714 exposita
412 1617 602 1710 benignum
624 1639 762 1713 semper
786 1618 1003 1714 propositum
1022 1616 1232 1709 habeamus,
1250 1618 1451 1712 hujusmodi
1469 1619 1644 1715 perspica-

229 1741 332 1815 cione
352 1742 558 1814 contradicti
588 1739 645 1838 (l)
670 1740 828 1814 fidelitati
860 1752 919 1814 tue
948 1741 1155 1814 mandamus
1180 1742 1344 1838 quatinus
1368 1742 1553 1837 hospitalia
1575 1766 1644 1839 que

229 1866 358 1940 domus
377 1867 495 1940 Sancti
522 1867 689 1940 Iohannis
710 1867 995 1957 lerosolimitani‚
1015 1866 1264 1940 monasterium
1287 1866 1413 1939 Montis
1432 1867 1582 1958 Virginis
1610 1879 1646 1942 et

230 1987 358 2064 domus
376 1990 492 2063 Sancti
509 1990 665 2086 Sepulcri
681 1990 813 2062 habent
828 1989 864 2062 in
881 1989 983 2063 Troia
1001 2000 1070 2061 mm
1092 1991 1127 2061 in
1145 1990 1349 2086 corporibus
1365 1991 1589 2063 ecclesiarum
1610 2003 1645 2066 et

231 2114 417 2188 domorum
431 2137 536 2208 quam
553 2115 588 2184 in
604 2115 709 2187 rebus
722 2125 756 2186 et
766 2114 842 2186 aliis
855 2113 1131 2210 possessionibus
1145 2134 1233 2207 quas
1247 2113 1376 2186 ibidem
1389 2125 1533 2187 actenus
1546 2117 1647 2189 ratio·

230 2239 396 2312 nabilitar
415 2248 622 2330 tenuerunt,
640 2260 711 2310 non
727 2239 874 2311 ulterius
889 2240 1052 2312 molestes
1069 2259 1134 2311 neo
1159 2237 1300 2334 patiaris
1316 2259 1337 2311 a
1356 2239 1424 2312 tuis
1443 2239 1647 2314 officialibus

230 2357 451 2462 [molestari],
469 2364 605 2434 nullum
621 2374 806 2459 propterea
823 2361 1033 2435 monachum
1048 2363 1106 2434 vel
1122 2362 1315 2436 confratres
1329 2363 1366 2434 in
1386 2364 1548 2438 domibus
1564 2365 1647 2461 ipsis

231 2487 437 2562 eorumdem
451 2485 502 2584 (a)
519 2486 564 2560 de
575 2487 677 2560 Troia
689 2508 823 2561 moram
840 2487 977 2560 trahere
994 2487 1237 2582 permissurus.

280 2613 412 2684 Datum
428 2611 465 2683 in
487 2612 609 2684 castris
625 2633 734 2707 prope
754 2612 883 2684 lacum
898 2613 1091 2701 pensilem,
1107 2609 1272 2684 vicesimo
1290 2621 1392 2684 sexte
1406 2609 1503 2704 julii,
1523 2623 1647 2685 octava

231 2735 445 2811 indictionis.

281 2861 389 2952 Cujus
402 2859 607 2932 auctoritate
625 2858 781 2932 mandati
795 2859 896 2932 vobis
912 2881 958 2931 ex
974 2857 1144 2954 imperiali
1158 2867 1257 2952 perte
1276 2879 1346 2953 qua
1370 2857 1546 2949 fungimur
1562 2878 1647 2932 auc·

233 2985 374 3058 toritate
392 2985 598 3056 mandamus
613 2984 778 3076 quatinus
799 2985 909 3056 lorma
925 2983 1107 3078 prescripti
1129 2982 1317 3078 imperialis
1339 2983 1481 3078 capituli
1497 2983 1647 3076 diligen·

233 3119 287 3182 ter
302 3117 461 3200 uetante,
478 3107 664 3204 hospitalia
679 3129 747 3200 que
766 3107 891 3180 domus
907 3107 1024 3180 Sancti
1039 3105 1205 3179 Iohannis
1218 3105 1505 3197 Jerosotimitani,
1525 3127 1649 3179 mona·

233 3233 379 3307 sterium
409 3233 534 3306 Montis
561 3233 742 3325 virginum
772 3241 809 3305 et
835 3231 960 3305 demus
987 3233 1104 3304 Sancti
1134 3230 1291 3325 Sepulcri
1320 3229 1452 3302 hebent
1480 3231 1516 3301 in
1548 3231 1649 3303 Troia

235 3358 357 3430 tamin
375 3357 580 3453 corporibus
595 3357 821 3430 ecclesiamm
834 3366 871 3430 et
886 3356 1068 3430 domomm
1083 3377 1189 3451 mam
1205 3356 1241 3427 in
1256 3355 1361 3427 rebus
1374 3365 1410 3427 et
1423 3355 1499 3428 aliis
1511 3377 1648 3451 posses·

233 3481 390 3556 sionibus
403 3502 492 3575 quas
502 3481 631 3553 ibidem
645 3492 790 3554 actenus
800 3481 1051 3553 rationabiliter
1059 3488 1260 3572 tenuerunt,
1275 3499 1347 3551 non
1362 3479 1509 3551 ulterius
1522 3479 1649 3553 moles·

236 3605 316 3678 tatis
340 3605 398 3677 vel
416 3606 628 3700 permictatis
650 3605 697 3677 ab
721 3607 839 3700 aliquo
861 3605 1056 3694 molestari,
1078 3605 1213 3676 nullum
1233 3613 1418 3700 propterea
1439 3603 1651 3677 monachum

235 3731 291 3801 vel
314 3728 506 3801 confratres
533 3728 569 3799 in
600 3729 762 3803 domibus
780 3729 864 3825 ipsis
880 3729 1082 3802 eorumdem
1104 3725 1151 3825 (h)
1175 3728 1220 3802 de
1240 3727 1340 3800 Troia
1361 3749 1495 3801 moram
1513 3727 1648 3801 trahem

236 3852 452 3947 permissuri.

283 3979 412 4050 Datum
424 3975 546 4070 logie,
564 3977 688 4048 ultimo
698 3977 797 4068 julii,
815 3985 938 4048 octava
954 3975 1165 4048 indictionis.

284 4101 357 4172 Nos
370 4100 475 4193 igitur
487 4098 571 4172 dicti
585 4098 747 4173 dominus
760 4099 943 4172 Cuntcrius
958 4109 994 4172 et
1001 4099 1115 4193 judex
1127 4097 1295 4171 Scalionis
1307 4097 1537 4193 prescriptum
1548 4118 1647 4172 man·

236 4221 357 4295 datum
378 4222 527 4318 predicti
545 4222 678 4295 domini
694 4223 875 4315 justiciarii
896 4223 1024 4316 exequi
1040 4221 1218 4311 volentes,
1236 4241 1354 4293 coram
1375 4219 1476 4294 nobis
1489 4232 1526 4294 et
1541 4223 1648 4296 inira·

236 4345 554 4441 scriptistestibus,
574 4357 630 4420 etc
633 4398 1052 4420 ...........

285 4472 486 4564 Sequuntur
516 4471 751 4566 depositiones
782 4471 934 4562 testium,
968 4468 1063 4541 unde
1090 4477 1226 4541 constat
1251 4467 1500 4540 monasterium
1521 4468 1649 4542 Montis

279 4627 322 4709 (a)
344 4629 404 4708 Sto,
419 4632 528 4690 rsetlue
539 4635 641 4690 tamn
655 4627 820 4691 ortuum

281 4731 319 4813 (d)
342 4735 462 4798 Rectius
475 4732 648 4817 ortumve,
663 4744 698 4798 ut
711 4753 811 4815 supra.

317 4840 368 4902 Vl.
391 4855 482 4902 rme.
1451 4845 1490 4901 99
