4310 5908
508 563 569 627 ’190
1003 571 1218 634 lllllllllllllll
1242 571 1415 634 sacuam
1725 571 1808 654 [tn.
1826 573 1914 639 1250.

557 701 583 792 †
608 701 682 795 Ego
695 703 823 776 Grillus
838 703 884 777 de
895 705 1083 778 Buialastro
1092 705 1207 799 judex
1222 706 1394 780 Messana.

558 827 584 919 †
609 827 682 919 Ego
698 827 862 900 Nicolaus
878 827 923 902 de
939 829 1019 902 Iliso
1030 829 1145 922 judex
1159 829 1330 902 Messene.

557 950 584 1040 †
608 951 681 1043 Ego
695 951 867 1024 Perrcnus
886 952 932 1025 de
948 953 1131 1026 Calvarosa
1144 951 1332 1048 imperialis
1349 952 1510 1050 publicus
1523 954 1681 1030 Messene
1702 965 1740 1028 et
1760 967 1916 1032 actorum

510 1072 605 1144 curie
619 1073 768 1146 civitatis
784 1076 942 1168 ejusdem
959 1075 1114 1148 notarius
1127 1074 1247 1172 scripsi
1266 1085 1438 1148 attestor.

421 1722 452 1756 η,
562 1659 795 1767 FridericuS‚
816 1659 1076 1744 Romanorum
1107 1659 1328 1770 imperator,
1353 1660 1509 1744 Vatacio
1535 1659 1766 1746 Graecorum
1792 1659 1920 1770 impe-

510 1792 627 1876 ratori
663 1792 813 1876 nuntiat
854 1793 1049 1902 quomodo
1084 1792 1215 1878 civitas
1247 1793 1425 1877 Firmano
1462 1819 1504 1876 se
1538 1796 1588 1876 ad
1620 1793 1735 1877 fidem
1769 1793 1919 1903 imperii

511 1925 734 2010 converterit
750 1936 789 2008 et
810 1924 939 2008 omnia
956 1934 1038 2010 tum
1059 1926 1099 2006 in
1118 1925 1227 2010 ltalia
1246 1926 1446 2036 superiori,
1466 1936 1551 2010 tum
1568 1927 1609 2008 in
1629 1927 1828 2010 Alemauia
1845 1925 1918 2010 sibi

510 2084 689 2169 prospere
707 2058 924 2141 succedant.

591 2269 786 2350 (Verslonem
813 2287 946 2350 graecam
967 2288 1005 2332 ex
1025 2271 1091 2332 cod.
1114 2267 1191 2360 lllbl.
1218 2271 1357 2332 Laurent.
1383 2269 1515 2333 Floreat.
1534 2271 1613 2332 edld.
1636 2269 1674 2332 G.
1699 2269 1826 2344 Wonrr,
1853 2270 1921 2330 Via·

631 2375 745 2439 Greci.
764 2376 861 2456 Bricse
878 2375 961 2437 Knit.
987 2374 1101 2437 iliada
1123 2373 1182 2438 der.
1206 2395 1273 2453 zm,
1294 2395 1326 2454 p.
1344 2385 1394 2455 54,
1407 2393 1477 2439 cum
1499 2380 1738 2455 interpretatione
1752 2379 1921 2455 germanica

629 2490 660 2544 et
682 2485 770 2544 notis.
787 2485 927 2545 Lutlnnm
939 2499 1010 2544 vero
1027 2490 1142 2545 textum
1158 2486 1311 2545 restituere
1324 2481 1528 2562 tentavimus.)

558 2668 753 2742 Fridericus
767 2669 968 2764 imperator,
979 2678 1064 2760 etc,
1079 2667 1227 2742 Iohanni
1241 2670 1472 2742 illustrissimo
1482 2669 1691 2742 Graecorum
1704 2670 1914 2765 imperatori.

510 2794 655 2866 Litteras
673 2793 796 2864 litteris
815 2793 946 2865 addere
968 2813 1131 2886 magnam
1153 2815 1199 2865 ex
1215 2794 1432 2866 successione
1458 2792 1623 2867 laetitiam
1643 2793 1827 2866 efferentes
1847 2815 1921 2866 non

510 2917 623 2989 solum
642 2915 778 3010 eosqui
803 2915 980 3010 sauguinis
997 2917 1178 3012 participio
1199 2925 1234 2990 et
1258 2917 1393 2991 sincero
1414 2917 1540 2990 affectu
1562 2919 1833 3012 conjunguntur,
1858 2915 1923 2990 sed

511 3042 615 3113 etiarn
637 3061 839 3112 communes
863 3040 992 3112 amicos
1015 3041 1202 3136 plurimum
1228 3041 1404 3114 delectare
1434 3043 1535 3115 solet.
1562 3041 1662 3114 Unde
1680 3041 1726 3114 ad
1746 3041 1921 3113 sincenrm

510 3185 663 3236 amorem
680 3173 778 3234 tuum
789 3165 864 3256 jam
883 3164 988 3259 paulo
1003 3172 1085 3235 ante
1100 3165 1227 3236 nostris
1236 3166 1454 3260 processibus
1469 3187 1535 3261 per
1545 3165 1679 3236 litteras
1695 3163 1838 3254 deletis,
1853 3161 1922 3236 hcc

510 3310 650 3384 quoque
666 3288 765 3382 quasi
779 3309 843 3383 per
860 3287 1118 3360 conclusionem
1134 3288 1180 3361 ad
1196 3289 1363 3381 gaudium
1378 3289 1566 3383 majestatis
1583 3298 1664 3361 tuce
1679 3289 1832 3361 scabere
1849 3308 1921 3360 non

510 3433 691 3506 negamus.
712 3410 937 3505 congaudere
950 3411 1042 3483 enim
1059 3412 1186 3484 scimus
1203 3413 1424 3486 serenitatem
1441 3423 1537 3486 tuam
1550 3413 1587 3486 in
1603 3413 1765 3486 omnibus
1780 3433 1923 3508 prospe·

511 3536 559 3607 ris
580 3533 706 3606 nostris
732 3533 834 3605 etde
859 3533 985 3605 nostris
1008 3533 1161 3606 victoriis
1183 3535 1316 3607 laeteri.
1341 3535 1418 3608 Tibi
1445 3535 1550 3628 igitur
1567 3533 1803 3628 significamus
1824 3535 1921 3627 quod

511 3657 633 3731 fideles
647 3658 756 3729 nostri
777 3656 950 3730 Marchiue
974 3667 1009 3729 et
1024 3659 1270 3750 Romaniolae,
1297 3658 1449 3732 melioris
1464 3659 1605 3752 quidem
1633 3668 1669 3731 et
1688 3657 1921 3731 laecundicris

512 3781 630 3856 ltaliae
656 3780 782 3877 partis,
802 3781 948 3873 cognitis
971 3781 1134 3855 evidente
1156 3783 1237 3854 dolo
1263 3793 1299 3855 et
1314 3783 1476 3855 versutiis
1494 3805 1583 3877 quas
1602 3783 1652 3854 illi
1668 3783 1729 3878 qui
1746 3782 1921 3854 Ecclesiae

511 3906 710 4004 praesidere
732 3905 908 3997 dicuntur,
927 3915 1048 3978 contra
1063 3927 1127 3978 nos
1149 3906 1436 3979 machinabantur
1449 3918 1485 3978 et
1500 3907 1681 3980 mendacia
1697 3926 1788 4002 quae
1802 3907 1918 3999 quoti·

512 4031 569 4104 die
586 4031 630 4104 de
651 4029 858 4103 certitudine
874 4031 994 4102 mortis
1017 4041 1154 4104 nostrae
1168 4031 1418 4124 divulgabant,
1439 4030 1484 4103 de
1498 4042 1616 4105 nostra
1632 4030 1869 4104 incolumitate
1885 4042 1922 4102 et

511 4156 605 4227 bone
631 4155 742 4226 salute
770 4151 932 4226 fiduciam
958 4155 1186 4249 accipientes,
1212 4154 1257 4227 ad
1289 4155 1537 4251 impedimenta
1559 4164 1678 4228 nostra
1696 4150 1920 4252 [dirimenda]

512 4301 633 4354 omnes
648 4288 911 4351 concurrerunt.
928 4277 1012 4351 Cum
1028 4290 1145 4351 autern
1159 4279 1281 4352 civitas
1299 4279 1458 4351 Firmana
1480 4278 1654 4352 Marchiae
1673 4297 1764 4371 quac
1777 4285 1922 4373 propter

511 4405 621 4479 eclam
635 4403 721 4476 situs
736 4400 790 4473 sni
805 4401 1056 4493 tortitudinem,
1074 4403 1190 4498 papali
1204 4402 1360 4476 exercitu
1372 4402 1552 4475 infeliciter
1565 4423 1603 4474 sc
1619 4409 1762 4494 gerente
1779 4408 1814 4471 et
1829 4398 1920 4472 duce

512 4527 863 4616 destituto,resisterc
872 4545 973 4619 posse
984 4526 1111 4597 nostris
1121 4525 1294 4598 mandatis
1307 4525 1505 4617 videbatur,
1519 4547 1590 4598 non
1604 4524 1773 4596 eusdnere
1786 4523 1921 4594 valeret

511 4655 729 4726 innumeram
749 4657 961 4722 armatorum
981 4658 1178 4722 nostrorum
1199 4649 1456 4722 multitudinem
1479 4649 1695 4744 militumque
1726 4656 1857 4718 turmas
1884 4654 1920 4718 et
