4310 5908
224 593 388 688 ranae]
673 596 1187 671 ars'nonra‘n'rrnouurrcu.
1571 602 1632 663 rra

224 765 331 834 vans,
353 742 485 816 frivolis
502 744 719 816 sermonibus
735 755 771 816 et
784 745 913 819 dolosis
929 745 1113 817 stultorum
1128 741 1309 816 bominum
1331 733 1631 812 exhortationibus

225 869 325 961 quasi
344 868 380 939 in
394 868 464 939 ictu
486 868 578 940 oculi
592 869 627 940 in
644 853 799 941 amorem
822 879 1026 942 convertere
1044 865 1248 964 pollicetur?
1270 865 1394 938 Nonne
1414 863 1478 936 iste
1502 863 1630 958 estqui

225 991 447 1063 serenitatem
463 1002 616 1063 nostram
633 977 782 1088 'propter
802 991 1059 1066 matrimonium
1077 989 1264 1083 majestatis
1285 999 1365 1059 tuae
1384 1009 1464 1060 cum
1484 986 1633 1060 dilectis·

225 1115 312 1187 sima
339 1114 409 1187 filia
441 1124 558 1188 nostra
590 1115 742 1207 legitime
765 1125 801 1187 et
829 1116 995 1188 canonice
1021 1123 1250 1204 contractum,
1277 1110 1503 1184 irrationabili
1516 1119 1631 1182 motus

224 1239 356 1334 impetu
371 1239 510 1334 publice
531 1238 854 1328 anathematisavit,
873 1261 990 1312 coram
1004 1260 1067 1311 suo
1083 1239 1129 1310 ab
1152 1237 1228 1332 ipso
1250 1244 1459 1327 congregato
1484 1234 1629 1307 concilio

224 1373 386 1436 causatus
404 1363 499 1456 quod
519 1384 584 1435 nos
605 1385 685 1436 cum
697 1363 872 1436 haeretico
886 1365 1085 1436 societatem
1108 1372 1143 1434 et
1157 1361 1281 1434 foedus
1301 1359 1513 1432 inieramus?
1530 1358 1629 1431 Unde

225 1484 280 1557 isti
298 1487 497 1559 sacerdotes
519 1487 630 1559 nostri
650 1496 825 1560 noverunt
841 1509 938 1560 arma
959 1507 1096 1558 sumere
1113 1485 1281 1558 adversus
1302 1483 1526 1574 Christianos,
1552 1482 1631 1554 lori-

223 1631 283 1682 cas
310 1631 374 1705 pro
402 1611 508 1683 sacris
529 1611 675 1684 induere
696 1611 928 1703 vestimentis,
957 1632 1019 1706 pro
1038 1611 1162 1683 baculo
1183 1608 1348 1706 pastorali
1361 1610 1499 1680 lanceas
1517 1615 1553 1677 et
1565 1625 1630 1702 pro

225 1735 358 1806 calamo
383 1735 519 1829 jaculos
543 1736 633 1806 terre
656 1735 861 1829 amarasque
892 1736 1054 1828 sagittas,
1085 1734 1249 1807 cusoria
1271 1731 1389 1805 Crucis
1411 1752 1508 1803 arma
1530 1729 1630 1823 quasi

223 1859 541 1954 parvipendentes?
555 1859 651 1945 Quae
667 1859 839 1951 generalis
855 1860 912 1932 vel
928 1859 1145 1955 particularis
1160 1857 1314 1954 synodus
1329 1854 1410 1927 talia
1429 1852 1631 1950 praecepit?

225 1983 307 2066 Quis
320 1983 474 2054 virorum
486 1992 678 2055 conventus
690 1985 801 2054 Deum
817 2004 901 2078 prae
912 1983 1021 2054 oculis
1037 1982 1237 2054 habentium
1246 1980 1333 2052 baec
1342 1976 1558 2051 confirmavit
1571 1976 1626 2049 vel

227 2105 420 2198 sigillavit?
441 2107 476 2178 Si
500 2107 578 2200 quis
596 2128 680 2180 vero
696 2128 801 2203 super
817 2107 884 2179 hoc
907 2106 1107 2179 incredulus
1131 2105 1337 2194 baberetur,
1358 2111 1495 2175 sanctos
1511 2101 1628 2173 videat

225 2229 419 2302 cardinales
436 2241 471 2302 et
484 2230 658 2326 praelatos
674 2231 709 2302 in
727 2240 820 2304 terra
836 2240 955 2302 nostro
969 2229 1115 2325 imperio
1134 2229 1292 2321 subjecta
1311 2227 1435 2299 bellica
1457 2225 1528 2298 imo
1551 2223 1630 2297 hos·

226 2354 297 2425 tilia
311 2375 407 2426 arma
425 2367 622 2445 sumentes,
638 2377 787 2449 quonum
803 2378 894 2427 unus
909 2354 983 2427 dux
996 2407 1006 2446 ,
1020 2355 1108 2426 alter
1122 2353 1296 2442 marchio,
1311 2354 1399 2424 alter
1413 2371 1498 2423 vero
1512 2369 1629 2422 comes

223 2467 415 2550 secundnm
436 2479 650 2574 provinciam
679 2482 780 2573 cnjus
808 2480 964 2572 regimen
985 2479 1126 2550 sortitus
1147 2486 1218 2568 est,
1245 2475 1429 2549 vocitatur.
1452 2473 1515 2545 Hic
1536 2471 1629 2544 enim

226 2593 416 2697 phalanges
440 2603 597 2693 ordinat,
625 2603 689 2675 iste
716 2603 877 2676 cohortes
896 2603 1067 2699 disponit,
1101 2603 1190 2675 alter
1212 2623 1297 2674 vero
1317 2601 1363 2673 ad
1383 2599 1515 2671 bellum
1536 2598 1629 2670 viros

227 2726 369 2818 incitat,
385 2727 527 2821 quidam
549 2727 738 2800 exercitum
757 2728 925 2801 ducentes
945 2740 981 2801 ct
1005 2729 1103 2821 signa
1119 2730 1296 2818 levantes,
1322 2725 1378 2796 isti
1397 2724 1566 2819 bipennes
1593 2731 1630 2794 et

226 2851 374 2943 perticas
400 2851 597 2923 deferentes
628 2849 692 2948 (a).
727 2855 860 2924 Suntne
896 2853 961 2924 ista
988 2852 1179 2948 spiritualia
1214 2859 1250 2924 et
1276 2847 1503 2922 sacerdotalia
1535 2845 1629 2942 pacis

227 2952 420 3048 testimonia
449 2995 511 3046 seu
538 2975 585 3047 ad
607 2995 729 3071 pacem
748 2975 916 3048 exordia?
943 2977 1035 3048 Num
1061 2975 1141 3048 talia
1164 2983 1358 3047 statuerunt
1382 2971 1484 3068 primi
1505 2969 1629 3044 Christi

225 3097 409 3193 discipuli?
432 3097 516 3182 Quis
542 3109 659 3169 autem
689 3109 757 3170 tam
777 3100 927 3196 simplex
941 3109 1003 3172 aut
1016 3121 1119 3171 sensu
1135 3098 1319 3172 destitutus
1336 3097 1396 3190 qui
1409 3104 1540 3169 tantam
1553 3115 1629 3167 ma·

218 3211 416 3314 lignitatem
430 3243 499 3294 non
516 3232 699 3316 agnoscat,
715 3223 799 3296 istos
814 3223 976 3296 infamiae
993 3225 1207 3313 sacerdotes,
1232 3222 1432 3296 seductores
1448 3219 1627 3292 hominum

225 3347 396 3439 salsosque
417 3346 605 3441 prophetas
625 3346 827 3438 nominans,
852 3349 888 3420 in
913 3349 1036 3444 spiritu
1058 3349 1177 3421 Heliae
1197 3356 1310 3420 costas
1328 3367 1449 3420 eorum
1465 3345 1511 3417 ad
1528 3343 1626 3416 holo·

224 3480 380 3542 caustum
410 3469 550 3543 tradens
574 3479 615 3542 nt
637 3471 809 3544 tumidum
837 3494 929 3566 aqua
955 3484 1175 3568 pectuscum
1199 3471 1300 3565 lignis
1315 3469 1527 3544 coacervatis
1548 3469 1627 3561 igne

225 3579 447 3676 consumatur
465 3591 583 3690 (l)l0
601 3595 696 3688 vulgi
715 3596 860 3668 stultitia
876 3619 967 3691 quae
986 3597 1053 3668 illis
1069 3618 1141 3668 uno
1155 3606 1310 3692 tempora
1323 3605 1360 3667 et
1374 3595 1448 3668 sinc
1462 3592 1627 3667 dilatione

223 3719 439 3791 sanctitatem
470 3719 650 3810 adscribit,
686 3742 815 3816 eosque
844 3733 981 3794 sanctos
1009 3722 1073 3794 snb
1097 3722 1283 3817 improviso
1311 3720 1506 3806 constituit,
1539 3720 1628 3792 sicut

223 3843 340 3915 tabula
354 3839 526 3936 gigantesl
546 3846 645 3917 Tales
659 3855 738 3916 sunt
755 3843 859 3919 hodie
875 3857 1032 3942 pastores
1047 3845 1084 3918 in
1096 3847 1218 3936 lsrael,
1232 3845 1407 3918 Ecclesiae
1419 3844 1543 3916 Christi
1555 3861 1626 3915 non

224 3963 422 4060 pontifices,
443 3967 506 4041 sed
529 3968 602 4063 lupi
623 3990 785 4063 rapaces,
809 3970 940 4074 bestiae
959 3971 1092 4044 seroces
1110 3969 1222 4042 allecti
1241 3969 1302 4063 qui
1320 3971 1486 4065 populum
1504 3967 1627 4040 Christi

264 4179 305 4258 (a)
327 4181 422 4243 Locus
439 4183 471 4243 ln
494 4183 592 4244 oodlee
612 4200 714 4262 graeco
727 4187 865 4260 mutlluS,
882 4187 993 4248 scillcet
1011 4187 1036 4245 ol
1056 4188 1221 4270 φιεμενοῦροι
1235 4185 1281 4245 καὶ
1298 4185 1513 4270 περδικατοῢροι,
1536 4203 1626 4264 quom
1762 4265 1765 4276 .

223 4285 320 4346 wollt
331 4288 374 4346 lta
390 4291 541 4349 restltncre
555 4297 679 4354 conatus
692 4298 737 4353 est
751 4292 775 4350 ol
791 4291 968 4376 βιπεννιφόροι
982 4292 1028 4352 καὶ
1041 4289 1239 4376 περτααφόροι.
1258 4295 1391 4356 Forsitan
1405 4294 1442 4354 ad
1458 4295 1627 4376 incarnatos

223 4390 372 4452 alluditur.

857 4607 1042 4616 .......-......
1048 4608 1148 4618 .-.-.
1153 4608 1614 4623 ---—---—-----·.-.....

260 4733 298 4805 (l)
315 4734 355 4793 Cl.
367 4736 429 4793 bib.
442 4739 506 4813 fleg.
520 4739 565 4811 111,
578 4755 640 4814 cap.
654 4742 753 4814 xvlu,
768 4759 840 4803 vers.
856 4748 900 4816 49,
914 4747 959 4816 to,
975 4746 1020 4817 33,
1033 4748 1078 4803 38.
1197 4787 1199 4794 ,

301 4833 354 4897 v1.
375 4851 463 4898 rnna.
1429 4854 1467 4908 98
