4300 5916
222 615 325 678 tiore.
340 612 389 691 4.]
672 604 873 670 HISTORIA
896 605 1192 672 orrnousrtcs.
1571 597 1635 661 873

223 745 320 822 fideli
334 755 470 836 nostro,
486 753 627 818 centum
639 763 774 814 marcas
787 742 1007 817 Colonienses
1021 745 1066 818 de
1081 743 1192 817 Jndeo
1206 739 1310 836 q'uem
1327 738 1463 813 detines
1479 737 1635 834 captiva·

225 880 319 962 tum,
333 869 429 949 omni
445 869 610 942 dilatione
626 877 662 940 et
677 866 858 940 occasione
874 869 1109 960 cessantibus,
1129 869 1327 964 persolvere
1340 885 1411 938 non
1426 863 1578 936 omittas.

273 997 402 1070 Datum
412 992 536 1085 Hullis,
556 991 644 1064 vnn
657 988 766 1084 junii,
783 1000 908 1085 quarte
920 991 1131 1066 indictionis.

277 1553 411 1666 Ibique
439 1553 558 1664 [apud
583 1551 851 1658 Frankenfnrtl
873 1551 973 1635 fectu
1004 1561 1062 1635 est
1087 1579 1219 1664 pugno
1246 1562 1284 1636 et
1310 1551 1503 1636 maximus
1529 1579 1631 1640 con-
1713 1568 1741 1603 ·“
1805 1589 1813 1604 ·

223 1686 350 1770 dictus
378 1686 478 1769 inter
508 1689 607 1770 dnos
635 1711 745 1795 reges
780 1685 820 1766 in
854 1684 949 1768 festo
980 1684 1079 1768 beati
1109 1685 1291 1772 Oswaldi.
1322 1685 1370 1769 Et
1395 1685 1497 1768 Deus
1529 1687 1634 1770 dedit

221 1820 421 1905 victoriam
438 1819 628 1902 Ecclesiae
654 1829 691 1902 et
714 1819 795 1928 regi
813 1818 1005 1902 Heinrico.
1029 1819 1230 1902 cunradus
1249 1829 1375 1902 nutem
1396 1845 1462 1902 rex
1480 1819 1632 1930 fugiens

224 1953 353 2036 amisit
380 1953 522 2037 multos
549 1952 689 2034 milites
716 1961 754 2034 et
782 1951 951 2033 maxima
981 1951 1103 2060 bone,
1134 1963 1172 2035 et
1200 1952 1383 2060 imposuit
1404 1951 1536 2036 Suevis
1563 1956 1630 2064 qui

224 2112 314 2170 cum
332 2113 378 2170 eo
399 2095 580 2170 uenerant
597 2094 634 2168 et
652 2110 740 2168 cnm
763 2085 856 2194 ipsis
874 2083 1006 2168 multis
1028 2085 1178 2167 amissis
1204 2084 1397 2195 fugerant,
1427 2087 1532 2197 quod
1557 2087 1630 2197 ipsi

223 2246 312 2304 enm
331 2218 533 2302 infideliter
554 2218 823 2327 prodidissent.
845 2220 977 2300 unat.
998 2223 1164 2328 Arpos,
1186 2245 1249 2328 ep.
1270 2218 1460 2329 Beneuen,
1483 2227 1628 2328 Fontes,

225 2365 253 2435 t.
274 2352 323 2461 lt,
343 2378 383 2461 p.
404 2352 493 2433 108.

279 2939 505 3024 Godefridns
534 2941 582 3024 de
608 2941 852 3050 Hohenlohe,
877 2951 1072 3051 praesente
1100 2941 1276 3027 Conrado
1302 2944 1560 3030 Romanorum
1588 2947 1629 3030 in
1715 3020 1730 3052 ⁸
1768 2967 1809 3053 ⁸5·

222 3099 353 3184 regem
370 3074 508 3183 electo,
535 3075 665 3161 Ottoni
684 3075 896 3186 Bogenerio
914 3076 986 3160 civi
1008 3076 1260 3185 Augusteum,
1285 3079 1393 3160 uxori
1419 3089 1457 3162 et
1485 3080 1628 3164 heere-

110 3288 111 3292 .
223 3207 337 3290 dibus
355 3205 437 3317 ejus
460 3234 588 3292 aream
610 3234 720 3290 suem
747 3209 849 3317 apud
872 3209 1071 3319 antiquam
1087 3220 1237 3316 portam
1255 3209 1415 3295 civitatis
1433 3213 1629 3322 Augustae

223 3336 362 3446 sitam,
383 3339 457 3423 sub
475 3365 604 3422 annno
630 3365 747 3422 censu
776 3349 814 3422 et
840 3340 951 3422 certis
980 3340 1212 3450 quibusdam
1230 3342 1510 3427 oonditionihus
1537 3370 1629 3454 per-

223 3481 337 3579 petuo
354 3473 647 3582 possidendam,
667 3472 851 3556 concedit.

306 3688 438 3766 (Edtder.
461 3691 706 3767 Hmssnnnnun,
725 3687 883 3770 Dtplomct·
905 3691 1032 3751 Bcweirr
1051 3688 1100 3751 der
1123 3693 1235 3754 licum
1255 3691 1392 3770 notet,
1411 3701 1436 3758 t.
1449 3696 1482 3775 1,
1500 3712 1533 3774 p.
1554 3703 1625 3774 407,

342 3805 377 3856 n⁰
390 3795 545 3872 XXXVII,
561 3813 599 3858 ex
612 3800 698 3876 copta
709 3798 918 3860 coliattcnnatn
933 3799 964 3857 in
977 3797 1109 3859 archivo.
1117 3797 1311 3874 -Srnrrnn,
1328 3795 1627 3882 commiserescat..

342 3919 370 3980 p.
389 3903 472 3982 sot.)

270 4087 463 4161 innomine
478 4089 588 4162 Patris
604 4100 640 4162 et
652 4089 727 4161 Filii
743 4101 778 4162 et
791 4089 938 4184 Spiritus
954 4090 1088 4182 Sancti,
1108 4111 1223 4162 amen.
1241 4091 1417 4164 Gotfridus
1429 4092 1475 4166 de
1486 4092 1628 4165 Hohen-

221 4208 301 4290 loch
319 4213 480 4284 omnibus
498 4214 535 4285 in
554 4223 774 4309 perpetuum.
798 4214 934 4308 Equum
949 4223 983 4286 ct
999 4214 1163 4287 idoneum
1176 4236 1251 4286 esse
1268 4235 1449 4286 censemus
1464 4225 1504 4286 nt
1519 4216 1628 4289 devo·

223 4331 326 4406 tionis
350 4333 493 4407 affectus
512 4337 698 4429 cujuslibet
715 4337 853 4408 virtutis
867 4359 937 4410 non
953 4337 1080 4410 debeat
1093 4337 1226 4432 premio
1242 4359 1379 4430 carere,
1395 4361 1441 4410 ne
1459 4339 1517 4434 pia
1530 4361 1630 4412 mens

221 4454 257 4534 in
272 4455 394 4529 studiis
410 4458 481 4530 suis
495 4459 670 4533 remissior
685 4459 762 4551 fiat,
781 4461 865 4533 dum
881 4461 947 4533 sibi
963 4484 1025 4557 pro
1041 4461 1173 4534 meritis
1189 4485 1259 4535 non
1280 4462 1542 4558 respondeatur.
1557 4465 1630 4536 Hac

221 4577 327 4671 igitur
339 4580 548 4673 intentione,
563 4591 604 4656 nt
620 4584 755 4656 Ottonis
771 4585 973 4676 Bogenarii,
992 4585 1110 4658 dilecti
1126 4583 1239 4658 fidelis
1254 4587 1379 4679 nostri,
1398 4587 1631 4680 civisdugus-

223 4703 349 4795 tensis,
367 4705 468 4778 nobis
484 4706 639 4781 exhibite
654 4706 742 4780 tides
760 4716 796 4780 et
812 4707 953 4782 devotio
972 4731 1043 4783 non
1061 4719 1255 4805 tepescant,
1273 4711 1345 4784 suis
1357 4711 1489 4784 meritis
1505 4713 1632 4784 iibera-
