4306 5914
528 629 589 690 700
1027 628 1239 692 sulubriter
1264 627 1438 690 sucuuut
1746 632 1830 712 [Asu.
1850 634 1937 698 1249.

527 785 606 834 rum
623 762 805 837 diversitas
820 765 1009 862 expetebat
1023 762 1089 863 (a),
1108 787 1155 836 ex
1169 785 1250 836 area
1271 764 1368 858 regni
1384 763 1494 836 nostri
1509 765 1644 837 4444414
1662 768 1821 861 pervigili
1841 790 1940 841 scan-

527 887 607 962 dala
635 889 807 982 legerent,
829 899 1036 964 excuterent
1055 890 1193 987 paleas,
1221 897 1257 961 et
1282 888 1501 982 zizaniaque
1525 890 1701 962 Romanus
1727 893 1885 987 pontilex
1904 895 1939 967 in

526 1013 667 1086 instanti
682 1011 843 1111 nostri(lr)
859 1016 1034 1111 proiectus
1048 1017 1184 1088 emulus
1200 1021 1236 1086 44
1251 1013 1359 1086 hostis
1374 1011 1556 1109 inseruit(l
1566 1011 1593 1110 ),
1613 1015 1769 1088 funditus
1785 1019 1939 1114 extirpa·

527 1148 622 1229 rent;
643 1137 704 1210 sed
728 1139 809 1234 quia
831 1139 1011 1232 neglectus
1038 1161 1159 1212 eorum
1185 1137 1330 1230 infidus,
1359 1137 1460 1211 nobis
1492 1141 1693 1233 frequenter
1718 1142 1936 1236 absentibus,

526 1263 641 1361 spinas
653 1273 689 1335 44
702 1263 847 1336 tribulos
861 1263 1119 1359 quodammodo
1132 1263 1352 1356 germinavit,
1361 1284 1438 1336 eam
1449 1264 1577 1336 amodo
1591 1263 1711 1336 haberi
1726 1266 1939 1358 diligentiam

525 1388 687 1460 volumus
705 1387 740 1458 in
756 1389 883 1460 nostris
907 1389 1134 1485 beneplacitis
1152 1397 1188 1460 et
1211 1389 1402 1478 cautelam,
1420 1411 1483 1484 par
1504 1409 1610 1484 quam
1632 1392 1783 1463 cultores
1803 1392 1940 1465 desides

527 1522 563 1584 et
587 1523 790 1608 spernentes
813 1514 1004 1610 depereant
1030 1523 1066 1586 et
1086 1513 1290 1585 vitulamina
1313 1514 1429 1609 spuria
1453 1535 1523 1608 que
1547 1516 1755 1610 plantarium
1780 1527 1939 1592 nostmm

527 1637 695 1710 inutiliter
715 1647 905 1733 aucupant,
926 1639 1013 1710 ialce
1035 1638 1179 1711 sevioris
1195 1637 1319 1732 judicii
1339 1637 1573 1733 preciduntur.
1596 1639 1799 1733 specialiter
1821 1652 1939 1715 autem

526 1762 639 1835 donec
653 1771 825 1858 oportuna
847 1763 956 1835 nostri
973 1763 1147 1858 presentia
1170 1783 1207 1834 se
1228 1783 1335 1854 regno
1352 1773 1473 1836 nostro
1490 1763 1676 1854 retribuat,
1693 1774 1734 1836 ut
1742 1767 1940 1859 judicemus

526 1889 562 1958 in
577 1887 710 1980 justitia
726 1908 896 1983 pauperes
912 1898 947 1960 et
964 1910 1026 1983 pro
1039 1887 1229 1960 mansuetis
1242 1888 1368 1960 nostris
1382 1885 1542 1960 fidelibus
1555 1887 1749 1962 cervicosos
1765 1893 1940 1984 quoslibet

525 2033 729 2108 arguamus,
754 2011 904 2084 Siciliam
928 2011 1059 2084 crebris
1083 2011 1347 2084 adversionibus
1369 2012 1623 2085 claudicantem
1648 2035 1823 2109 quamque
1849 2016 1940 2097 sicut

526 2137 757 2234 comperimus
768 2137 1003 2231 undequaque
1020 2137 1170 2209 inlluunt
1185 2146 1221 2208 et
1236 2134 1395 2208 inliciunt
1410 2138 1591 2226 factiones,
1611 2137 1674 2228 sic,
1690 2148 1845 2212 nostram
1856 2163 1938 2236 pre·

526 2270 687 2334 currente
705 2259 936 2364 solliqitndine
951 2261 1088 2352 faciem,
1108 2269 1258 2332 atterere
1276 2281 1339 2356 pro
1362 2261 1524 2334 facinoris
1538 2261 1705 2354 qualitate
1722 2262 1940 2359 disponimus

525 2395 565 2458 nt
583 2407 653 2458 non
674 2405 840 2478 cogamur
854 2385 981 2457 iterum
997 2385 1105 2457 nostri
1127 2385 1346 2458 serenitatem
1362 2385 1423 2458 otii
1440 2386 1576 2458 nebulis
1591 2387 1772 2483 procellosi
1790 2390 1945 2463 turbinis

510 2497 758 2584 commovere.
778 2509 875 2580 Prius
898 2509 1014 2604 itaque
1039 2517 1097 2580 tua
1121 2508 1290 2600 sagacitas
1309 2509 1473 2601 indagine
1495 2509 1598 2582 tacita
1621 2523 1858 2606 perscrutetur
1874 2513 1937 2606 qui

524 2637 595 2710 sint
607 2637 672 2732 ipsi
688 2636 744 2708 vel
759 2635 901 2725 luerint,
916 2636 1016 2728 cujus
1031 2635 1184 2731 potentie
1201 2635 1274 2707 sive
1291 2637 1381 2707 44444
1393 2631 1606 2736 4444444444]
1618 2637 1779 2710 venerint
1791 2639 1933 2730 singuli,

524 2761 809 2856 singulorumque
831 2780 951 2832 eorum
969 2759 1233 2834 adinventiones
1250 2771 1285 2833 et
1298 2759 1413 2832 studia
1428 2781 1497 2854 que
1512 2783 1576 2833 nos
1595 2761 1792 2860 tangunt(c)
1807 2785 1935 2859 procu-

524 2909 581 2960 res
594 2886 760 2959 reducere
774 2905 859 2956 mox
879 2884 914 2955 in
936 2883 1037 2976 actis,
1055 2907 1126 2958 non
1147 2906 1194 2956 44
1211 2885 1314 2957 nnius
1328 2885 1517 2958 assertione
1533 2885 1634 2976 labii,
1652 2887 1714 2960 sed
1729 2890 1931 2980 multorum,

524 3013 661 3086 illorum
689 3011 862 3085 duntaxat
890 3009 1078 3082 confinium
1108 3031 1195 3102 quos
1224 3008 1311 3083 fides
1339 3007 1527 3104 amplificat
1551 3020 1587 3082 et
1612 3013 1790 3106 provectio
1814 3012 1936 3084 similis

523 3136 683 3226 adornat,
698 3156 889 3231 precavens
902 3133 938 3205 in
952 3135 1105 3205 luturum
1122 3155 1167 3204 ne
1181 3155 1224 3204 ex
1242 3135 1388 3228 alicujus
1403 3135 1474 3207 odii
1487 3137 1683 3231 corruptela
1697 3136 1796 3208 nobis
1809 3137 1935 3234 impor-

443 3233 446 3240 ’
525 3273 577 3334 tes
591 3260 757 3354 quicquid
768 3257 939 3350 lictitium,
951 3281 995 3331 ne
1008 3259 1103 3352 quod
1117 3259 1219 3350 absit,
1230 3257 1339 3331 lilium
1354 3271 1529 3332 vertamus
1542 3261 1577 3331 in
1592 3261 1710 3332 lolium
1722 3270 1757 3333 et
1771 3261 1934 3336 meritum

523 3385 558 3456 iu
576 3393 797 3458 tormentum.
808 3382 1005 3476 Meminisse
1021 3381 1192 3476 siquidem
1206 3382 1329 3455 diebus
1344 3383 1409 3454 hiis
1423 3383 1552 3478 poteris
1565 3406 1627 3480 per
1640 3385 1707 3457 alia
1724 3385 1933 3460 documenta

524 3532 631 3607 prave
648 3509 878 3604 suggestionis
894 3517 929 3580 et
944 3507 1097 3581 scandali
1111 3507 1342 3602 multiformis,
1362 3509 1451 3582 Petri
1461 3507 1513 3608 (2)
1527 3509 1701 3602 videlicet,
1712 3511 1932 3610 Symonis(3)

565 3688 608 3770 (a)
629 3691 664 3752 In
677 3687 776 3750 444444
789 3684 969 3767 4444444444.

565 3793 605 3878 (4)
628 3798 663 3858 ln
677 3795 776 3857 codice
789 3792 964 3855 indistanter
976 3792 1051 3853 4444
1064 3790 1161 3875 lujat,
1177 3795 1276 3855 mlunr
1289 3801 1380 3856 recta.

565 3902 604 3985 (c)
630 3906 664 3966 ln
680 3903 780 3964 444444
793 3916 903 3964 cmm.

558 4119 592 4192 (4)
611 4117 652 4175 44
665 4115 804 4192 epistolam
822 4111 969 4171 iunocentii
986 4112 1090 4187 quarti,
1107 4112 1164 4169 aive
1177 4111 1266 4186 polim
1284 4111 1517 4188 constitutionem,
1537 4113 1628 4172 datam
1647 4117 1662 4170 4
1677 4115 1828 4174 decembris
1848 4121 1927 4192 tara,

522 4233 576 4292 qua
588 4216 665 4290 regni
682 4213 785 4272 Siciliae
803 4211 1058 4270 administrationem
1078 4209 1186 4267 omnino
1205 4209 1375 4267 subverterat
1393 4209 1466 4282 (vid.
1483 4227 1564 4285 supra
1578 4228 1606 4286 p.
1622 4213 1674 4268 674
1687 4219 1713 4269 44
1725 4213 1818 4287 seqq),
1842 4230 1873 4272 se
1886 4233 1928 4274 re-

523 4315 594 4373 lerre
609 4313 713 4372 videtur
726 4312 881 4385 imperator,
896 4309 1036 4381 eidemque
1050 4323 1099 4382 per
1112 4306 1296 4364 crudelissima
1308 4307 1395 4365 edicta
1408 4308 1484 4380 quasi
1498 4309 1652 4382 respondet.

558 4413 593 4488 (4)
613 4412 679 4482 Quis
692 4411 743 4468 iste
757 4409 834 4466 luerit
848 4423 902 4465 non
920 4407 990 4465 bene
1002 4405 1103 4480 liquet,
1129 4405 1179 4463 nisi
1195 4405 1306 4464 iorsitan
1320 4405 1459 4463 alludatur
1468 4407 1502 4464 ad
1522 4407 1631 4464 Pebnrn
1644 4407 1679 4465 44
1695 4407 1823 4482 &poetam
1838 4410 1928 4468 44444·

521 4509 621 4579 nalem,
635 4509 669 4564 de
681 4523 733 4580 quo
745 4506 824 4563 inira.

558 4605 595 4679 (3)
612 4605 662 4662 llic
674 4604 718 4678 agi
731 4603 892 4662 arbitramur
906 4602 940 4660 de
952 4601 1033 4660 444444
1045 4601 1153 4662 Simone
1168 4599 1202 4658 44
1216 4601 1411 4659 llontesarculo
1422 4617 1438 4660 4
1451 4617 1519 4676 papa
1536 4602 1564 4658 in
1579 4617 1693 4674 regnum
1706 4603 1835 4676 immisso,
1850 4607 1928 4680 cujas

521 4703 573 4764 sub
585 4719 656 4761 anno
669 4705 739 4762 lilii
758 4701 910 4759 Salirnbene
929 4700 1091 4757 mentionem
1109 4698 1153 4756 his
1170 4698 1260 4756 verbis
1274 4699 1385 4756 inseruit
1399 4719 1406 4756 :
1422 4721 1435 4753 4
1451 4701 1522 4772 Papa
1542 4701 1712 4759 Innocentius
1725 4703 1798 4760 misit
1815 4702 1927 4762 lratrem

520 4804 657 4862 Simonem
670 4800 705 4859 44
722 4799 916 4861 iloutssarnulo
932 4799 1032 4858 ordinis
1050 4798 1163 4856 lratntm
1177 4798 1396 4857 Praedicatorum
1413 4799 1441 4856 in
1458 4797 1582 4874 Apuliam
1595 4805 1625 4858 ut
1638 4816 1751 4875 regnum
1770 4801 1880 4877 Apuliae
1898 4809 1928 4862 44
