4352 5940
241 604 409 690 rme]
686 581 884 664 ursrca'rn
909 598 1209 664 nunnunrrca.
1597 607 1659 670 ere

243 751 333 814 tere.
351 741 487 827 Quibus
504 736 670 812 exhibitis
685 758 803 811 coram
819 737 939 826 uobis,
956 736 1183 830 quantitatem
1196 737 1351 810 omnium
1366 738 1607 812 mandatorum
1623 751 1659 813 et

241 863 510 960 responsalium,
528 863 618 934 dont
631 863 677 935 ad
689 862 882 957 quemlibet
897 861 1041 954 singulis
1056 861 1235 934 mensibus
1247 871 1329 934 sunt
1342 861 1487 954 directa,
1502 863 1659 938 discretis

241 989 295 1062 lu's
312 1009 383 1082 que
402 986 532 1060 fiscalia
551 1007 649 1058 mere
668 986 850 1058 continent
869 1006 892 1058 a
913 985 1077 1080 privatis,
1094 986 1244 1078 leciads,
1263 971 1401 1060 officiali
1421 997 1606 1081 presente,
1621 989 1657 1060 in

241 1120 414 1205 quaterno
430 1109 547 1204 aliquo
559 1109 806 1208 memorialiter
819 1109 991 1182 annotari.
1009 1110 1137 1203 Sicque
1149 1109 1332 1201 instanter,
1347 1109 1377 1182 si
1391 1109 1478 1182 bora
1493 1113 1551 1183 vel
1567 1121 1655 1184 tem·

209 1289 212 1296 .
241 1255 309 1328 pus
334 1233 468 1328 patitrrr
492 1243 530 1305 et
553 1233 622 1304 alia
648 1241 767 1306 nostra
790 1234 908 1326 major
932 1233 1063 1305 utilitas
1093 1254 1167 1305 non
1192 1242 1384 1328 repugnat,
1416 1234 1541 1325 legatis
1574 1255 1654 1306 cum

241 1377 377 1428 summa
394 1357 574 1448 diligentia
590 1356 707 1428 literas
726 1377 795 1449 que
811 1356 857 1428 ad
872 1355 1037 1428 officiales
1059 1356 1255 1450 specialiter
1275 1377 1339 1451 pro
1359 1356 1488 1428 nostris
1506 1359 1655 1430 seruitiis

241 1489 322 1551 sunt
342 1479 495 1568 directe,
512 1479 635 1552 ordine
656 1479 845 1570 mensium,
863 1481 953 1552 sieut
974 1479 1145 1570 diximus,
1166 1479 1348 1570 ordinato,
1369 1481 1426 1551 vel
1446 1481 1492 1550 ab
1517 1479 1655 1554 officiali

240 1613 423 1699 presente,
442 1604 488 1676 de
509 1603 715 1676 executione
740 1604 879 1674 illorum
906 1625 976 1698 que
1000 1603 1159 1675 videritis
1179 1623 1323 1697 pernes
1343 1603 1508 1675 mandata
1528 1604 1652 1695 inisse,

240 1749 303 1822 per
316 1728 435 1798 literas
448 1727 687 1820 exquirendo:
702 1749 771 1820 que
786 1727 985 1798 sivideritis
1000 1747 1062 1822 per
1075 1747 1154 1798 cum
1170 1725 1369 1798 executioni
1381 1727 1497 1800 debite
1513 1727 1655 1801 deman·

236 1850 340 1942 data,
358 1851 608 1924 commendetis
628 1850 799 1942 eundem,
815 1859 851 1922 ct
872 1851 1004 1922 bonum
1025 1870 1225 1944 processum
1248 1850 1322 1941 ejus
1343 1849 1379 1920 in
1402 1850 1543 1945 speciali
1565 1873 1650 1946 qua·

239 1983 353 2065 terno,
368 1996 475 2068 quem
491 1976 605 2046 lacere
619 1995 685 2047 vos
700 1974 782 2046 inde
799 1974 1023 2069 precipimus,
1039 1974 1150 2065 redigi
1168 1973 1320 2064 faciatis,
1337 1985 1455 2046 nostre
1472 1975 1652 2047 conscien-

240 2097 285 2168 tie
297 2097 520 2192 pcstmodum
532 2097 792 2194 applicandum.
803 2097 905 2185 Quod
919 2098 947 2168 si
962 2097 1061 2170 vobis
1075 2098 1119 2168 de
1135 2098 1291 2191 ipsorum
1305 2098 1511 2170 executione
1525 2099 1650 2171 idonce

238 2241 309 2294 uon
322 2231 513 2312 constaret,
522 2221 707 2316 requiratis
716 2221 763 2292 ab
781 2241 823 2293 eo
841 2241 949 2314 quare
963 2220 1030 2293 hoe
1046 2220 1196 2316 potuerit
1208 2220 1389 2292 accidisse.
1399 2222 1465 2307 Qui
1480 2223 1508 2292 si
1518 2224 1649 2314 justam

237 2344 473 2416 excusationis
488 2366 550 2416 sue
566 2365 706 2416 causam
720 2344 949 2439 pretendcu't,
964 2343 1114 2416 audiatis
1128 2344 1280 2417 cundem
1294 2353 1329 2417 et
1340 2344 1497 2416 similiter
1509 2357 1651 2420 annote-

105 2451 109 2461 ’
238 2467 300 2558 tis;
326 2468 461 2540 sivero
478 2489 550 2540 non
566 2468 698 2561 justam
719 2477 781 2540 aut
794 2469 926 2540 nullam
943 2453 1204 2540 excusationem
1222 2469 1431 2563 pretendere
1447 2470 1592 2563 peterit,
1613 2470 1648 2541 in

237 2601 382 2686 peccate
412 2592 624 2683 negligentia
652 2592 710 2665 vel
737 2593 839 2686 culpe
871 2614 932 2664 sue
958 2592 1097 2665 delectu
1125 2613 1189 2686 per
1209 2611 1273 2664 vos
1297 2601 1415 2663 nostre
1440 2593 1649 2664 conscientie

237 2714 448 2809 applicatum
466 2714 526 2785 ubi
543 2735 627 2787 vero
643 2714 810 2787 damnum
824 2715 969 2786 evidens
985 2715 1089 2787 luerit
1102 2737 1166 2811 per
1181 2714 1337 2788 officialis
1353 2715 1545 2806 delectum,
1561 2715 1649 2788 illud

236 2859 299 2934 per
321 2838 506 2912 officialem
530 2840 682 2912 eundem
709 2850 779 2912 tam
814 2838 898 2912 fisco
925 2861 1030 2933 quam
1053 2838 1213 2913 fidelibus
1235 2840 1363 2912 nostris
1383 2841 1463 2911 lasis
1485 2841 1648 2914 volumus

236 2963 437 3034 restaurari.
455 2963 580 3056 Sicque
596 2963 760 3036 discussis
775 2963 948 3036 mandatis
964 2973 1000 3034 et
1016 2963 1285 3060 responsalibus,
1304 2963 1416 3058 primo
1433 2985 1502 3056 que
1517 2961 1647 3036 fiscalia

232 3107 332 3158 mere
345 3087 538 3178 continent,
554 3087 647 3160 idem
660 3109 725 3159 vos
740 3089 855 3160 lacere
868 3087 1029 3159 velumus
1043 3088 1087 3160 de
1103 3097 1221 3159 nostre
1236 3087 1344 3159 literis
1360 3087 1560 3179 majestatis,
1577 3109 1646 3179 que

236 3210 281 3281 ad
297 3231 378 3282 eum
397 3210 540 3305 privatis
555 3211 863 3306 supplicationibus
879 3221 960 3282 sunt
975 3211 1106 3282 directe
1124 3233 1132 3274 :
1152 3211 1401 3304 responsalium
1418 3209 1464 3281 ad
1480 3208 1548 3281 boc
1561 3230 1644 3282 nos·

237 3337 369 3400 trorum
384 3338 503 3402 tenore
517 3339 553 3402 et
567 3330 684 3402 verbis
699 3330 857 3423 diligenti
872 3330 1069 3424 provisione
1088 3329 1258 3425 pensatis,
1277 3351 1346 3423 que
1360 3329 1469 3400 multa
1483 3329 1584 3402 uobis
1599 3330 1644 3402 de

236 3452 427 3524 commodis
445 3452 571 3525 nestris
584 3453 761 3549 aperient,
783 3453 963 3548 presertim
977 3453 1013 3523 in
1027 3451 1320 3525 notificationibus
1338 3473 1593 3547 expensarum,
1610 3462 1645 3524 et

237 3575 272 3647 in
291 3577 369 3648 aliis
388 3575 585 3648 officialium
603 3586 801 3648 nostrorum
820 3576 1056 3671 processibus,
1073 3575 1118 3648 de
1138 3576 1265 3670 quibus
1278 3576 1378 3648 vobis
1396 3575 1497 3647 aliter
1512 3575 1548 3645 in
1561 3595 1643 3669 pro·

238 3719 336 3772 cesso
354 3700 524 3772 ratiocinii
539 3721 611 3772 non
629 3709 817 3772 constaret.
834 3700 1016 3772 Generalia
1038 3721 1122 3772 vero
1141 3698 1305 3771 mandata
1325 3709 1461 3790 nostra,
1478 3721 1546 3792 que
1565 3719 1643 3793 spe·

239 3822 369 3894 cialiter
382 3823 418 3893 in
435 3823 590 3895 favorem
606 3822 786 3913 fiscalium,
803 3833 923 3895 contra
938 3831 1117 3917 suspectos
1132 3821 1234 3894 nobis
1248 3822 1435 3915 aliquando
1451 3821 1645 3915 proditores

237 3957 372 4020 nostroe
386 3958 555 4021 eteorum
569 3949 861 4040 consanguinem,
878 3947 936 4040 qui
953 3948 988 4016 in
1003 3949 1219 4040 majestatem
1237 3957 1390 4018 nostram
1405 3925 1543 4019 noviter
1555 3945 1643 4016 deli·

238 4084 404 4164 querunt,
419 4071 629 4163 direximus,
643 4093 747 4166 super
760 4070 1041 4164 inquisitionibus
1061 4070 1227 4142 iaciendis
1248 4070 1293 4143 de
1317 4067 1483 4140 fidelitate
1506 4069 1644 4139 illorum

237 4194 364 4288 quibus
385 4195 484 4266 litere
503 4216 525 4266 a
545 4195 645 4267 nobis
662 4195 706 4267 de
722 4215 818 4266 mera
833 4195 943 4286 gratia
959 4194 1202 4290 impetrantur,
1225 4193 1270 4265 de
1287 4193 1503 4265 ordinatione
1520 4191 1643 4265 leudo·

236 4337 330 4408 rum,
346 4317 391 4390 de
412 4317 569 4391 tenendis
590 4329 625 4392 et
647 4317 835 4391 reddendis
845 4318 1031 4410 jumentis,
1050 4318 1095 4390 de
1111 4317 1385 4388 immunitatibus
1397 4312 1447 4412 (a)
1461 4335 1530 4408 que
1552 4335 1645 4386 anno

237 4439 397 4533 proxime
412 4443 578 4537 preterito
595 4443 715 4535 quinte
729 4440 927 4514 indictionis
941 4441 1074 4513 indulte
1089 4451 1204 4514 sunta
1217 4441 1395 4533 majestate
1409 4449 1526 4512 nostra
1539 4439 1647 4513 eccle·

279 4703 322 4786 (a)
344 4705 380 4768 u
393 4706 763 4771 armamentaque.
