4352 5940
214 647 315 706 leucu.
331 641 378 720 5.]
661 635 860 701 nisuoltttt
881 633 1177 700 cremutius.
1561 631 1621 694 libii

215 775 459 870 Lugdunensis
476 772 609 846 itineris
630 773 759 866 obiecit
777 771 935 866 ingressu
955 787 1075 843 rumor
1094 769 1291 864 inopinatus
1310 765 1356 840 de
1371 767 1492 840 Parme
1514 765 1622 840 infida

216 901 406 974 rebellione
420 895 587 970 nuncin!
601 893 913 994 proferens,qnan1
927 895 1116 988 ejectorum
1132 891 1266 966 dudrrnr
1281 911 1346 987 per
1359 891 1490 964 nelarie
1503 891 1623 987 proffi-

215 1024 320 1096 tionis
336 1023 503 1096 cucusum
518 1019 713 1094 inlideliuur
723 1019 927 1116 repentinus
938 1019 1110 1109 incursare,
1128 1015 1362 1089 mediantibus
1374 1014 1506 1087 iraud'n
1518 1014 1624 1086 intes·

217 1147 291 1219 tinew
302 1146 486 1239 suffragiis,
504 1145 703 1240 occupavit.
713 1141 903 1216 hebentes
918 1143 1022 1234 igion
1036 1139 1271 1214 necessarium
1281 1137 1419 1210 firmato
1431 1138 1487 1210 via
1505 1148 1623 1210 nostre

217 1269 398 1366 promturi
421 1269 550 1342 modici
579 1267 743 1364 teurpcr'n
768 1267 1010 1357 iutecvcllurn,
1025 1265 1062 1336 in
1086 1263 1306 1336 obsidionerrr¹
1324 1263 1445 1334 Parme
1467 1260 1623 1333 nutricia

217 1393 317 1484 sigua
331 1401 451 1465 noenu
462 1391 709 1482 convertimus,
729 1391 834 1463 totius
848 1391 886 1461 iu
902 1411 944 1462 ec
956 1389 1087 1462 bellum
1103 1387 1252 1481 Liguris,
1268 1387 1365 1480 quod
1379 1387 1526 1458 latenter
1537 1383 1621 1458 bec-

218 1525 323 1590 teuus
333 1516 522 1606 nunaut,
539 1533 604 1612 pro
621 1523 707 1588 roto
722 1512 878 1587 bdelium
898 1513 1135 1610 potentissime
1149 1510 1331 1607 paraturi:
1347 1517 1479 1582 necest
1494 1509 1623 1582 etenim

217 1637 551 1712 bubilisroeieteutie
565 1639 676 1729 locus,
694 1657 803 1733 quern
815 1657 995 1710 murorum
1009 1655 1081 1708 non
1095 1633 1209 1708 munit
1220 1633 1372 1705 ambitus
1383 1643 1446 1706 aut
1460 1633 1623 1706 concavi·

219 1771 274 1836 tas
285 1764 514 1855 bseutcnrnr,
526 1772 563 1834 et
580 1780 689 1856 want
697 1762 972 1834 necessariarum
987 1757 1147 1832 habilitas
1160 1758 1300 1853 copiosa
1313 1779 1385 1830 non
1399 1758 1528 1853 replet;
1543 1777 1623 1830 curn

218 1896 364 1983 propter
378 1882 484 1959 subiti
499 1903 602 1960 caus
614 1885 823 1982 perniciem,
840 1885 930 1957 nibil
947 1885 1029 1957 illuc
1044 1903 1092 1956 ex
1107 1883 1285 1979 proposito
1305 1881 1410 1954 inerit
1429 1889 1627 1976 comporta-

219 2017 320 2102 turnp
334 2027 440 2104 quern
455 2011 602 2083 denunt
615 2009 839 2102 fugitiuorum
857 2027 982 2082 manns
998 2009 1160 2080 timorosa
1178 2002 1279 2105 [nou]
1298 2005 1464 2096 tuebitur,
1484 2006 1518 2077 si.
1533 2004 1626 2078 vires

219 2133 359 2230 publice
373 2134 530 2207 tuitionis
540 2149 717 2206 mutnus
731 2133 954 2227 neutriornnt,
968 2132 1029 2228 qci
1045 2130 1184 2227 proprie
1200 2130 1270 2202 vite
1292 2148 1390 2225 spem
1407 2127 1577 2202 hactenus
1587 2128 1625 2200 in

220 2255 298 2331 sole
310 2259 393 2350 luge
405 2257 542 2352 relegio
553 2267 756 2352 posuerunt.
777 2257 861 2329 Cum
877 2256 979 2349 igitur
996 2273 1043 2329 ex
1058 2253 1291 2350 descriptione
1304 2255 1517 2350 presentium
1530 2253 1626 2326 labo·-

221 2397 299 2452 m
318 2363 519 2454 nouom
536 2377 642 2454 um
666 2381 757 2454 ere
778 2380 910 2475 nesse
928 2379 1012 2452 narn
1031 2375 1626 2472 comarumcomarum

220 2503 450 2578 conterendae
469 2505 647 2600 imponere
662 2504 902 2594 intendamus,
921 2503 1107 2598 presertim
1122 2521 1203 2574 cunr
1224 2501 1273 2574 de
1291 2501 1473 2573 Germania
1492 2501 1624 2574 eberis·

221 2630 299 2702 simi
314 2627 377 2700 filii
391 2629 501 2702 nostri
516 2629 664 2703 Conradi
682 2630 718 2701 iu
738 2631 972 2704 Romanorum
987 2647 1106 2720 regern
1131 2625 1232 2698 electi
1252 2635 1288 2698 et
1307 2625 1406 2717 regni
1425 2625 1622 2722 Hierosoly·

222 2753 342 2825 mitani
358 2749 498 2825 heredis
510 2772 548 2824 se
561 2752 761 2849 suppliciter
771 2753 976 2824 incurvante
991 2749 1178 2841 mandatis,
1186 2748 1315 2820 nullius
1325 2768 1430 2824 causa
1442 2747 1627 2823 dubitatio·

222 2877 275 2949 nis
287 2886 459 2970 assurgat,
475 2876 597 2971 spiritu
611 2875 871 2950 confortationis
886 2882 1077 2970 assumpto,
1091 2870 1239 2946 servitiis
1252 2873 1379 2946 nostris
1392 2872 1627 2946 indesinenter

223 2999 433 3092 intende,nc
445 2996 599 3072 fidelium
613 3009 810 3072 nostrorum
823 2999 1003 3095 provincie
1015 2998 1078 3070 tibi
1091 2998 1231 3070 dccrcte
1243 2997 1391 3088 animos,
1404 2998 1628 3092 quosabsen·

225 3123 270 3197 tie
284 3133 403 3196 nostre
421 3121 593 3195 consumit
606 3122 778 3214 anxietas,
798 3123 967 3218 presentis
985 3121 1142 3194 lectionis
1157 3143 1250 3194 nova
1264 3119 1448 3213 letificant,
1466 3120 1515 3193 sic
1531 3121 1626 3215 qnod

225 3270 288 3322 nos
310 3243 355 3321 de
377 3258 411 3320 te
431 3255 467 3318 et
490 3246 574 3342 ipsis
596 3241 802 3339 obsequiosa
821 3239 970 3320 fidelitas
989 3255 1024 3318 et
1044 3239 1219 3320 fructuosa
1234 3245 1374 3318 devotio
1390 3235 1539 3318 reddant
1556 3245 1626 3316 ire·

225 3374 388 3467 quensrns
403 3389 499 3445 more
513 3369 614 3443 sclito
629 3367 780 3444 letiores.

276 3893 509 3999 inidoneus,
537 3892 795 3976 Romanorum
826 3893 1045 4002 imperator,
1074 3891 1225 3975 cuidem
1255 3893 1412 3975 Tusciae
1447 3921 1626 3978 commu·
1696 3921 1783 3974 [suno

227 4025 333 4108 nitati
350 4025 509 4108 mandet
525 4025 629 4136 quod
656 4025 781 4108 mittat
802 4026 850 4107 ed
869 4025 1082 4120 exercitum.
1098 4051 1231 4108 omnes
1258 4025 1479 4132 bellatores,
1504 4053 1625 4136 quum

227 4157 276 4242 de
288 4158 467 4268 proxima
479 4157 670 4240 deditione
685 4157 843 4240 Parcae
859 4157 1039 4240 fiduciam
1056 4157 1145 4267 jam·
1157 4158 1382 4266 conceperit.

306 4343 402 4424 (Eut
419 4361 469 4424 cp.
489 4341 622 4408 coreo
639 4343 704 4407 Vin.
724 4346 820 4426 epist,
842 4343 896 4408 lib.
918 4343 980 4425 Ill,
1001 4360 1067 4425 cep.
1087 4341 1255 4424 Lmllh
1274 4341 1342 4410 coll'.
1365 4357 1437 4410 curu
1454 4349 1521 4411 cod.
1545 4341 1623 4412 B'lbl'.

343 4451 443 4515 Gener.
456 4453 565 4532 Puris,
570 4450 661 4533 fonds
673 4448 875 4527 Nocte-Durus,
889 4461 946 4513 ²0²
960 4459 991 4514 et
1000 4469 1068 4514 cunr
1080 4454 1202 4516 dirusts
1214 4461 1280 4517 turn
1292 4455 1497 4534 Angllueturn
1508 4455 1627 4518 Gerrun-

342 4557 411 4617 nine
426 4553 603 4638 codicibus.)

273 4714 482 4806 Fridericus,
499 4728 566 4790 etc.
587 4717 632 4790 Ut
649 4717 694 4790 de
711 4717 873 4790 felicibus·
885 4718 1091 4792 excellentie
1114 4727 1231 4793 nostre
1252 4720 1471 4815 processibus
1489 4742 1625 4794 recrea·

302 4835 357 4900 VI.
378 4853 465 4900 mn.
1430 4854 1463 4906 ⁷1
