4310 5908
524 578 586 641 nuc
1024 579 1242 644 rnrnunncr
1265 581 1440 646 suenum
1742 584 1929 670 [nanno.

519 715 749 810 appellationi
762 715 807 786 ab
820 715 871 786 eis
883 714 1086 811 interposite
1099 739 1171 792 non
1187 717 1375 809 deterrent,
1388 719 1470 813 quia
1484 727 1599 790 tamen
1608 718 1930 815 inipsiustermina·

525 829 619 912 'tione
636 838 767 932 negotii
783 839 890 912 dubie
902 841 1061 933 quedam
1080 841 1132 914 eis
1144 852 1386 933 occurrerant,
1404 863 1604 939 processum
1622 852 1731 916 totum
1742 847 1847 938 juxta
1860 850 1930 921 tor·

524 985 617 1036 mam
624 961 875 1037 commissionis
884 985 1020 1055 eorum,
1034 965 1167 1039 scilicet
1179 967 1321 1062 qnando
1330 967 1382 1040 eis
1390 966 1535 1039 dubium
1545 969 1763 1061 occurrebat,
1770 971 1816 1042 ad
1825 972 1931 1068 impe

523 1084 644 1156 rialem
659 1083 903 1156 excellentiam
914 1083 1191 1178 transmiserunt,
1203 1087 1781 1184 etdominusimperatorcommisit
1791 1111 1930 1164 causam

524 1208 682 1282 eamdem
698 1207 875 1302 judicibus
890 1209 1126 1302 magnecurie
1142 1231 1205 1285 sue
1223 1209 1511 1305 reintegratomm
1530 1211 1763 1306 predictorum
1782 1212 1931 1287 finaliter

519 1331 790 1406 terminandam.
807 1334 883 1420 Qua
899 1353 1004 1406 causa
1023 1331 1074 1431 (a)
1078 1386 1371 1408 ........
1392 1347 1411 1406 ·.
1440 1337 1708 1430 superveniente
1726 1338 1824 1410 obitu
1842 1341 1930 1432 ejus·

522 1459 603 1530 dem
633 1456 764 1531 domini
784 1457 892 1530 nostri
919 1452 1051 1532 Cosanis
1084 1459 1250 1549 indecisa,
1279 1481 1345 1533 nec
1370 1461 1550 1532 terminari
1573 1463 1794 1556 postmodum
1818 1465 1931 1558 potuit

515 1577 753 1681 ·prius[quam]
780 1583 1019 1657 serenissimus
1040 1585 1217 1677 quondam
1251 1586 1413 1658 dominus
1438 1607 1504 1659 rex
1528 1587 1701 1659 Corradus
1729 1588 1863 1684 primus
1886 1589 1930 1663 de

522 1707 638 1782 medio
651 1708 810 1781 sublatus
824 1717 893 1799 est3
906 1708 950 1780 de
966 1709 1091 1803 quihus
1104 1707 1265 1782 omnibus
1281 1731 1345 1806 per
1356 1721 1434 1783 actu
1448 1711 1636 1807 imperialis
1650 1732 1776 1804 magne
1787 1722 1824 1784 et
1836 1713 1930 1805 regie

519 1833 616 1906 curie
639 1833 730 1905 facta
746 1831 848 1905 nohis
870 1832 987 1904 extitit
1007 1833 1111 1930 plenu
1131 1831 1232 1906 fides.
1252 1835 1323 1907 Nos
1338 1856 1424 1908 vero
1442 1835 1501 1928 qui
1524 1857 1629 1932 supra
1650 1836 1816 1928 magister
1828 1837 1930 1930 justi·

520 1957 640 2031 tianius
651 1967 692 2030 et
702 1956 829 2051 judex,
850 1954 897 2029 ad
918 1957 1125 2053 peticionem
1144 1957 1379 2055 predictorum
1398 1958 1534 2030 abbatis
1550 1969 1585 2031 et
1601 1969 1806 2051 conventus,
1825 1961 1929 2034 citata

520 2081 671 2177 legitime
688 2081 781 2153 dicta
797 2080 936 2154 domina
951 2081 1160 2176 Rigandesia
1175 2091 1211 2155 et
1226 2083 1262 2154 in
1280 2083 1427 2156 termino
1443 2083 1509 2155 sibi
1525 2083 1608 2156 dato
1625 2093 1848 2179 comparente
1864 2106 1929 2181 pro

518 2227 561 2278 ea
583 2206 678 2302 apud
702 2205 865 2298 Foggiam
886 2226 1004 2279 coram
1022 2205 1123 2279 nobis
1143 2206 1300 2278 Iohanne
1317 2206 1362 2279 de
1381 2207 1533 2281 Roberto
1550 2208 1597 2279 ab
1618 2229 1661 2280 ea
1680 2209 1869 2282 constituto
1888 2219 1929 2281 ut

519 2329 684 2418 constitit,
703 2327 786 2400 visis
804 2338 840 2400 et
859 2329 964 2424 plene
983 2327 1147 2402 discussis
1160 2330 1299 2422 juribus
1318 2330 1497 2426 utriusque
1515 2330 1621 2425 partis
1634 2341 1670 2402 et
1675 2383 1925 2406 .......

522 2505 774 2526 .......
800 2451 955 2546 quodam
980 2453 1161 2546 privilegio
1184 2453 1317 2526 domini
1335 2454 1428 2546 regis
1445 2452 1585 2527 Corradi
1611 2453 1712 2549 primi
1734 2464 1875 2529 ostenso
1890 2455 1928 2527 in

514 2576 647 2672 judicio
661 2598 726 2674 pro
742 2587 840 2673 parte
865 2576 1022 2669 ejusdem
1047 2577 1202 2670 domine,
1233 2578 1269 2650 in
1296 2599 1366 2674 qno
1385 2579 1630 2652 ¹continebatur
1659 2579 1811 2673 qualiter
1834 2580 1927 2653 idem

508 2701 678 2776 dominus
702 2723 769 2774 rex
792 2699 1058 2774 confirmaverat
1076 2703 1224 2797 primam
1246 2703 1455 2775 sententiam
1477 2723 1540 2798 per
1561 2703 1713 2798 prefatos
1734 2703 1927 2798 reintegra·

510 2834 610 2898 tores
621 2827 726 2898 latam
740 2835 861 2898 contra
872 2825 1047 2922 predictos
1062 2827 1226 2900 abbatem
1242 2838 1278 2900 ct
1291 2837 1502 2900 conventum
1515 2828 1562 2900 ad
1578 2827 1783 2923 petitionem
1794 2829 1927 2901 domini

514 2949 594 3021 Juiii
609 2948 655 3021 do
669 2947 830 3042 Angtona
846 2960 883 3021 et
897 2971 961 3045 pro
980 2961 1078 3045 parte
1094 2950 1187 3024 dicte
1201 2951 1322 3023 uxoris
1337 2972 1413 3042 sue,
1433 2959 1469 3023 ct
1487 2949 1524 3022 in
1540 2949 1610 3022 fine
1625 2951 1733 3046 ipsius
1753 2951 1926 3046 privilegii

507 3072 758 3146 continebatur
778 3075 839 3165 joe
869 3073 1010 3146 atterius
1031 3076 1143 3169 partis
1166 3076 1303 3168 penitus
1333 3074 1540 3146 absorbentes
1546 3104 1563 3162 ;
1596 3075 1679 3169 quia
1704 3075 1926 3171 privilegium

515 3199 629 3294 ipsum
645 3197 827 3271 obtentum
845 3198 911 3270 tuit
926 3199 1029 3272 tacita
1044 3199 1206 3291 veritate,
1227 3209 1300 3272 tum
1316 3221 1398 3274 cnm
1410 3220 1482 3273 non
1495 3199 1616 3272 suisset
1627 3199 1825 3296 expositum
1838 3199 1926 3272 ineo

513 3321 611 3418 quod
624 3322 793 3396 dominus
809 3323 1004 3419 imperator
1026 3323 1273 3416 mandaverat,
1292 3324 1322 3396 si
1344 3332 1519 3397 constaret
1540 3322 1585 3397 de
1603 3322 1744 3417 hisque
1762 3321 1871 3395 abbas
1888 3322 1926 3393 in

512 3467 578 3520 sna
595 3447 760 3544 petitione
774 3446 984 3538 deduxerat,
996 3449 1112 3520 omnia
1127 3448 1165 3520 in
1180 3458 1309 3521 statum
1323 3447 1506 3542 pristinum
1520 3448 1689 3537 revocari,
1705 3456 1741 3518 et
1754 3446 1804 3520 sic
1819 3467 1925 3518 causa

505 3574 589 3670 'ipsa
604 3571 803 3669 pendebat:
822 3593 891 3667 que
901 3572 930 3644 si
950 3594 1118 3669 expressa
1133 3572 1273 3662 fuisset,
1291 3591 1363 3644 non
1379 3581 1433 3644 est
1449 3571 1636 3644 verisimile
1648 3570 1744 3664 quod
1760 3566 1925 3643 dominns

507 3717 580 3770 rex
594 3697 875 3792 contempsisset;
891 3705 965 3768 tum
982 3706 1018 3768 et
1032 3697 1140 3770 verba
1154 3696 1214 3769 illa
1231 3696 1269 3767 in
1285 3695 1467 3791 privilegio
1482 3695 1640 3792 predicto
1653 3695 1801 3783 inserta,
1823 3694 1922 3768 vide·

506 3820 595 3895 ‘licet
609 3823 670 3914 jus
694 3822 834 3893 atterius
856 3821 969 3915 partic
984 3823 1120 3914 pcoitm
1139 3821 1344 3892 cosmos
1360 3819 1450 3915 parti
1464 3818 1610 3914 predicti
1627 3818 1826 3890 monasterii
1844 3819 1923 3890 nul·

506 3947 584 4018 dum
599 3953 766 4042 poterant
785 3945 1016 4040 prejudicium
1037 3931 1218 4038 generare,
1237 3967 1318 4016 cum
1331 3942 1361 4015 si
1375 3941 1421 4016 ad
1445 3942 1532 4015 ittud
1552 3942 1649 4035 qnod
1667 3942 1711 4015 de
1726 3943 1808 4034 jure
1829 3941 1923 4014 civili

505 4070 676 4166 competit
705 4071 878 4159 reserant,
911 4090 981 4140 non
1008 4070 1150 4141 valeant
1177 4068 1244 4140 nisi
1268 4067 1453 4161 adjiciatur
1471 4089 1518 4138 eor
1548 4077 1639 4138 certa
1663 4067 1822 4152 scientio,
1856 4087 1924 4136 non

505 4193 656 4266 obstante
671 4192 733 4266 tati
750 4193 837 4286 lepe,
856 4193 914 4264 vel
929 4192 961 4264 si
978 4193 1024 4264 ad
1041 4193 1128 4264 ittud
1145 4191 1242 4288 quod
1256 4191 1302 4264 dc
1317 4193 1398 4285 Jure
1413 4191 1570 4284 gentium
1586 4189 1774 4287 competit,
1794 4188 1921 4262 videli-

506 4325 567 4392 cet
581 4317 676 4390 circa
695 4315 887 4390 dominium
908 4315 1001 4410 quod
1024 4315 1138 4409 ajune
1157 4315 1314 4408 gentium
1330 4315 1500 4387 habemus
1517 4315 1613 4408 quod
1633 4324 1692 4386 est
1706 4311 1924 4385 immutabile

509 4459 577 4514 nec
600 4461 664 4536 per
685 4440 930 4535 imperatorem
948 4440 1009 4511 uel
1031 4459 1149 4533 regem
1166 4447 1304 4535 poterat
1323 4437 1522 4528 immutari,
1540 4458 1621 4510 cum
1637 4437 1682 4508 ab
1701 4436 1743 4509 iis
1763 4457 1835 4509 non
1856 4434 1923 4506 tuit

552 4715 594 4797 (a)
614 4715 661 4778 Ibi
672 4723 702 4778 et
712 4715 943 4794 intraquacdam
956 4717 1057 4779 deesse
1069 4717 1217 4780 uidentur.
