4310 5908
504 541 565 602 756
1003 536 1219 600 selnnnlcl
1242 538 1417 601 SECUNDI
1722 543 1804 628 [Ass.
1822 543 1910 608 lete.

502 653 703 770 diligentem
719 676 890 749 confortat
906 671 1015 746 filium
1036 683 1073 746 et
1086 673 1214 747 votivis
1236 675 1452 748 successibus
1461 653 1594 750 'nostris
1609 699 1678 773 que
1697 690 1755 752 tue
1772 701 1912 752 oausam

501 799 728 873 exaltacionis
749 799 915 891 afferunt,
933 797 1086 893 gaudere
1103 807 1137 870 te
1152 799 1334 892 novimus,
1360 801 1407 874 ed
1424 801 1580 874 notitiam
1598 813 1692 875 tuam
1708 805 1912 899 perferimus

499 924 595 1018 quod
612 924 883 997 benefavente
900 922 1056 1018 potentia
1071 943 1141 1015 que
1158 932 1316 996 nostrum
1333 924 1497 998 sublimat
1514 925 1720 1021 imperium,
1739 928 1784 1001 de
1799 929 1911 1002 rebel·

500 1047 591 1120 libus
619 1048 747 1120 nostris
772 1047 809 1118 in
829 1045 992 1121 marchia
1015 1045 1233 1121 Anconitana
1255 1069 1361 1140 quam
1382 1049 1503 1120 Petrus
1527 1049 1689 1144 (aponus
1714 1050 1910 1146 Apostolioe

499 1171 599 1246 Sedis
614 1173 748 1264 legatus
768 1182 804 1243 et
816 1171 964 1242 nliomm
979 1171 1210 1263 quorumdam
1225 1170 1440 1266 proditorum
1456 1181 1652 1244 nostrorum
1668 1195 1690 1244 a
1706 1172 1776 1246 fide
1790 1183 1910 1248 nostra

500 1294 651 1368 nefanda
671 1305 765 1367 secta
781 1302 1019 1385 converterat,
1039 1292 1124 1366 dum
1144 1294 1180 1366 in
1203 1294 1436 1368 Theutonieos
1452 1295 1607 1390 aliosque
1629 1295 1750 1369 fideles
1774 1305 1910 1370 nostros

497 1419 628 1492 ibidem
646 1419 772 1492 nostris
785 1417 932 1491 servitiis
948 1417 1138 1492 existentes
1161 1419 1227 1492 sub
1244 1419 1351 1512 signis
1371 1419 1521 1492 clavium
1543 1430 1705 1516 potenter
1718 1421 1907 1514 irruerent,

497 1542 675 1615 nonnullis
690 1564 736 1615 ex
751 1542 803 1614 eis
818 1551 934 1637 preter
946 1541 1036 1614 duos
1051 1551 1197 1637 nepotes
1213 1542 1368 1635 ejusdem
1386 1542 1571 1616 cardinalis
1588 1543 1744 1638 aliosque
1759 1545 1909 1618 famosos

498 1667 592 1740 viros
607 1689 695 1762 quos
711 1667 833 1740 eodem
849 1666 955 1739 modo
973 1667 1110 1739 fortune
1128 1665 1306 1741 tribulavit
1320 1667 1534 1758 adversitas,
1551 1689 1615 1765 por
1631 1668 1812 1741 conflictus
1832 1669 1908 1742 bel·

498 1791 583 1864 lioos
598 1801 717 1866 nostro
737 1790 867 1864 carceri
884 1788 936 1888 (a)
954 1790 1181 1886 mancipatis,
1200 1791 1392 1864 occisorum
1415 1791 1487 1865 duo
1506 1792 1602 1864 milia
1619 1791 1701 1863 iacti
1715 1793 1844 1865 veritas
1861 1792 1908 1865 ad

497 1916 708 1989 audientiam
724 1926 879 1988 nostram
895 1915 1071 2010 perunxit.
1089 1915 1164 2001 Quo
1176 1918 1305 1988 lactum
1317 1926 1422 1990 estut
1434 1916 1697 2012 quampluribus
1710 1915 1907 1990 civitatibus

497 2040 653 2133 ejusdem
670 2039 846 2134 provincie
859 2059 927 2133 qne
939 2039 1087 2111 rebelles
1098 2040 1304 2131 extiterunt,
1320 2040 1367 2113 ad
1383 2040 1573 2112 dominium
1587 2039 1737 2112 etiidem
1752 2049 1907 2112 nostram

497 2164 690 2256 conversis,
716 2163 872 2236 civitates
895 2173 930 2236 et
947 2174 1059 2236 eastra
1075 2163 1214 2236 residua
1235 2164 1282 2237 de
1304 2165 1407 2236 simili
1427 2164 1573 2257 vestigia
1591 2173 1779 2271 preparant
1792 2163 1905 2237 domi·

496 2288 594 2359 nium
613 2297 770 2358 nostrum
790 2299 826 2359 et
841 2287 987 2379 gratiam
1004 2286 1199 2383 repetendi.
1220 2286 1293 2359 Neo
1313 2287 1459 2360 dubium
1482 2287 1566 2380 quin
1586 2283 1724 2360 fortuna
1744 2287 1906 2360 volubilis

497 2411 533 2482 in
550 2410 701 2485 Marohia
725 2421 761 2482 et
779 2411 1032 2505 subsequenter
1046 2410 1082 2482 in
1104 2392 1293 2506 provin'ciis
1313 2411 1389 2484 aliis
1411 2410 1448 2483 in
1468 2411 1667 2484 certaminis
1686 2410 1763 2482 alea
1782 2407 1905 2482 ludum

497 2534 690 2626 redimens,
719 2535 821 2606 nobis
850 2535 979 2608 tribuat
998 2535 1111 2608 vioem
1134 2545 1301 2607 nostram.
1337 2535 1407 2608 Sed
1433 2557 1479 2608 ne
1503 2533 1675 2632 presentis
1699 2532 1846 2629 epistole
1869 2541 1903 2606 te

496 2659 600 2732 lectio
617 2659 722 2752 longa
735 2658 913 2750 delineat,
940 2669 1011 2731 tam
1027 2678 1133 2754 super
1148 2658 1324 2754 premissis
1343 2681 1448 2752 quam
1472 2660 1548 2732 aliis
1564 2657 1771 2731 excellentie
1788 2667 1904 2730 nostre

495 2783 648 2856 serviciis
653 2834 785 2856 .....
806 2784 953 2855 latorem
970 2782 1182 2879 presentium
1193 2783 1240 2854 ad
1254 2791 1287 2855 te
1305 2783 1557 2857 transmisimus
1569 2781 1797 2877 interpretem
1809 2781 1902 2854 veri·

498 2907 592 2998 talis,
623 2907 680 2980 eui
700 2905 805 2980 fidem
830 2906 1061 2981 indubitatam
1074 2907 1241 2980 adhibens
1258 2903 1339 3005 [ut]
1358 2929 1421 3004 per
1438 2929 1519 2980 eum
1538 2907 1601 2980 tibi
1614 2905 1790 3002 proposita
1807 2927 1902 2980 oom-

497 3032 669 3126 pleantur.

538 3259 580 3340 (a)
602 3262 636 3323 ln
651 3259 751 3322 codiee
766 3256 910 3336 caroclo'o,
926 3261 1011 3320 male.
