4310 5908
493 657 553 721 rse
989 659 1201 724 rnrnsnrcr
1226 657 1401 724 sneunnr
1708 661 1790 745 [su.
1808 659 1894 725 rste.

492 801 719 882 manutenere
736 805 772 868 et
785 796 972 870 defendere
990 799 1152 871 volumus
1172 806 1207 870 et
1227 798 1262 869 in
1283 795 1391 892 ipsius
1409 794 1601 869 inviolabili
1622 797 1734 890 gratia
1761 817 1899 870 conser-

490 939 574 990 vare
593 929 629 990 et
645 931 869 1012 augmentare
888 921 980 1017 ipsas
997 922 1245 1018 proponimus,
1263 921 1352 994 sicut
1368 918 1551 1012 exegerint
1563 929 1758 994 vestorum
1774 921 1896 994 suffra·

489 1040 547 1134 gia
567 1042 788 1135 meritorum;
809 1047 965 1117 volentes
982 1047 1077 1139 quod
1100 1045 1306 1139 privilegiis,
1321 1043 1595 1140 possessionibus
1611 1054 1647 1116 et
1665 1043 1792 1116 tenutis
1809 1065 1896 1138 quas

489 1165 671 1240 habebatis
686 1176 766 1241 ante
782 1190 943 1261 guerram
960 1171 1133 1265 inceptam
1151 1167 1242 1242 inter
1259 1169 1448 1242 Ecclesiam
1465 1167 1654 1240 Romanam
1666 1178 1703 1240 et
1716 1168 1896 1242 dominum

489 1290 691 1364 Federicum
712 1292 954 1387 imperatorem
969 1289 1031 1391 [et]
1052 1304 1134 1366 tunc
1150 1293 1313 1389 temporis
1331 1291 1503 1364 tenebatis
1518 1291 1651 1384 dejure
1671 1299 1741 1363 tam
1756 1293 1793 1364 in
1809 1293 1897 1364 mari

488 1437 593 1508 quam
610 1409 765 1506 interra,
781 1417 818 1487 in
835 1429 1011 1512 posterum
1023 1416 1075 1489 uti
1089 1418 1196 1489 libere
1210 1415 1366 1490 valeatis.
1383 1417 1455 1488 Hec
1467 1424 1585 1487 antem
1593 1415 1711 1487 omnia
1718 1415 1896 1509 etsingula

488 1540 573 1613 dum
588 1541 625 1611 in
640 1541 792 1612 Ecclesia
805 1539 973 1613 fidelitate
989 1540 1220 1636 perstiteritis,
1238 1541 1338 1613 vobis
1353 1541 1515 1612 volumus
1530 1539 1722 1612 observari.
1741 1539 1780 1611 In
1796 1541 1897 1632 cujus

487 1664 539 1736 rei
574 1663 808 1736 testimonium
835 1685 978 1759 presens
1003 1665 1223 1760 privilegium
1252 1663 1336 1735 inde
1371 1661 1447 1735 lieri
1478 1662 1622 1735 lecimus
1637 1661 1757 1756 'sigilli
1787 1664 1896 1736 nostri

488 1785 680 1872 munitione
703 1789 918 1860 roboratum.

536 1911 662 1983 Datum
678 1912 774 2007 apud
795 1911 941 1984 Civitam
954 1911 1110 2004 Novam,
1130 1908 1205 1982 Vlll
1223 1907 1391 1984 kalendas
1412 1907 1626 2003 decembris,
1645 1931 1738 1982 anno
1756 1909 1897 1984 Domini

487 2033 669 2109 millesimo
684 2035 923 2108 ducentesimo
939 2033 1206 2128 quadragesimo
1219 2056 1312 2108 nono
1326 2031 1355 2130 (l
1364 2031 1392 2129 ).

521 2347 560 2422 (4)
578 2348 619 2406 td
632 2348 778 2408 ornandam
795 2348 1017 2408 documentorum
1030 2347 1128 2407 seriem
1141 2361 1286 2422 mauroque
1302 2347 1502 2406 mancationem
1519 2347 1725 2420 elucidandam,
1739 2348 1895 2408 chartarum

485 2444 606 2520 elegatis
616 2445 748 2522 lteynsrio
759 2451 787 2506 et
798 2447 880 2506 Petro
892 2462 943 2521 pro
956 2445 1038 2510 emm
1049 2445 1514 2520 Hmmbegarendiseoncessennn
1524 2445 1810 2521 epitomen,qnotqunt
1817 2447 1896 2506 inre·

485 2543 543 2601 nire
553 2543 701 2618 potuimus,
716 2560 790 2601 nuno
801 2543 980 2602 exhibemus:

519 2641 693 2717 Abarnerio
705 2641 833 2700 medinali
849 2640 965 2700 Sanam
977 2640 1080 2700 iterim
1095 2641 1123 2700 in
1139 2640 1298 2712 menedin,
1312 2639 1399 2700 sicam
1415 2639 1515 2698 donini
1532 2655 1620 2715 papae
1637 2645 1750 2716 memte
1761 2641 1791 2701 in
1803 2640 1895 2700 Petri·

487 2739 586 2812 monio,
601 2738 709 2812 Tuscia,
722 2740 821 2800 ducatu
835 2739 981 2813 spoletano
992 2744 1021 2809 et
1031 2739 1152 2798 marchia
1164 2739 1347 2798 Anconitana:

485 2838 569 2908 tate,
591 2842 609 2895 6
623 2836 683 2894 idus
692 2837 812 2911 januarii
829 2836 854 2911 (a
864 2837 947 2912 jan),
962 2837 1105 2896 Tolentini.
1120 2837 1173 2895 Pro
1185 2835 1340 2894 bominibus
1351 2833 1444 2893 Sancti
1456 2831 1570 2894 (lineali.

501 2965 537 2978 ·-
588 2939 605 2991 3
619 2931 680 2991 idus
689 2933 804 3008 januarii
817 2937 858 3008 (44
874 2933 953 3008 lan),
968 2933 1112 2993 tolentini.
1129 2933 1183 2993 Pro
1201 2933 1363 2993 monasterio
1376 2933 1469 2993 Sancti
1482 2931 1606 2992 Fermeni
1617 2931 1820 2992 attenuemus
1831 2933 1892 2992 lla·

624 3039 732 3091 aereae
744 3039 771 3089 et
783 3032 912 3091 Friderici
924 3032 1009 3107 copiis
1022 3032 1172 3091 detestato.

501 3159 538 3173 -
590 3129 679 3188 idibus
693 3129 822 3188 februarii
835 3131 879 3203 (43
894 3127 987 3204 lehn),
1001 3129 1068 3188 Reii.
1082 3129 1242 3188 Hmninibus
1255 3129 1311 3188 Reii
1322 3127 1506 3204 pmeeeslonee
1516 3126 1659 3188 ccnnmst
1673 3127 1768 3204 (4444444
1779 3129 1895 3189 wacta

625 3228 655 3286 in
666 3227 815 3286 Ecclesiam
828 3227 917 3286 illatas
931 3227 1054 3288 remittit.

501 3355 537 3370 -
591 3328 606 3381 3
620 3325 681 3382 idue
694 3325 783 3383 martii
798 3325 842 3400 (43
857 3326 961 3398 mart),
976 3327 1111 3384 Anconae.
1126 3321 1178 3382 Pro
1193 3323 1348 3383 bominibus
1360 3323 1456 3382 Montis
1468 3320 1541 3382 Uimi
1554 3321 1589 3381 ab
1603 3321 1758 3380 bominibus
1770 3323 1893 3384 Macare-

625 3428 684 3495 tae,
697 3423 814 3480 boberto
827 3423 862 3480 de
876 3421 1019 3481 castilione
1031 3427 1059 3479 et
1072 3421 1133 3480 aliis
1146 3419 1274 3479 Friderici
1287 3417 1437 3479 mutoribns
1448 3417 1588 3478 laceoeitle.
1699 3423 1702 3430 '

500 3543 537 3562 *-
588 3523 707 3578 anonas
720 3517 784 3576 maii
799 3519 826 3594 (3
839 3519 924 3593 maii),
938 3519 1076 3578 Anconae.
1090 3519 1142 3576 Pro
1152 3517 1306 3577 hominitatis
1318 3517 1409 3591 Gegli,
1426 3515 1602 3576 «dummodo
1616 3514 1701 3575 libera
1722 3519 1894 3578 semmai

624 3613 659 3674 ad
672 3616 797 3674 mandata
809 3616 946 3675 Ecclesiae
959 3622 1040 3690 44444444
1051 3621 1153 3674 nostra.
1167 3633 1181 3668 e

500 3747 535 3760 -
588 3715 677 3774 idibus
689 3715 753 3772 maii
766 3713 811 3788 (tc
824 3714 909 3788 maii),
919 3713 1056 3772 liacanati.
1071 3715 1124 3771 Pro
1135 3712 1288 3770 bominibus
1299 3713 1398 3784 Manis
1412 3711 1505 3772 Gceari
1519 3713 1651 3772 adsersus
1663 3711 1776 3771 duan
1788 3712 1892 3771 Noram

605 3805 606 3810 ἵ
622 3819 650 3870 et
664 3811 802 3871 Gibelinos
813 3809 1014 3869 iorisbannitos.

499 3942 536 3954 -
587 3909 683 3983 ajulii,
698 3909 811 3982 Cinguli.
826 3909 924 3966 Contm
937 3907 1051 3966 Ciritem
1061 3907 1166 3966 Noram
1179 3908 1353 3982 pertinaciter
1365 3906 1519 3982 imperatori
1532 3905 1735 3966 adhaerentem.

497 4039 534 4053 -
587 4011 603 4063 3
618 4006 744 4066 calendas
756 4005 863 4079 angusti
876 4009 922 4076 (25
934 4005 1004 4080 inl),
1018 4003 1131 4078 Cinguli.
1140 4006 1190 4063 Pro
1201 4003 1355 4063 bominibus
1365 4003 1449 4062 liorri
1461 4005 1495 4062 ds
1507 4003 1613 4064 vallea
1624 4002 1760 4063 communi
1771 4002 1891 4062 Civitatis

619 4105 711 4162 Norae
722 4110 776 4161 eta
789 4101 921 4162 liicbardc
935 4104 1032 4160 comite
1045 4103 1175 4162 Theatino
1190 4103 1335 4178 oppressis.

498 4232 533 4246 -
587 4207 603 4260 3
617 4201 746 4260 calendas
759 4199 875 4258 octobris
890 4203 933 4274 (28
948 4201 1040 4275 sept),
1053 4201 1118 4259 Feii.
1131 4201 1184 4260 Pro
1197 4200 1389 4258 communitate
1405 4197 1540 4258 runem.

482 4301 565 4374 tate,
586 4303 601 4356 3
617 4300 677 4358 idus
691 4299 780 4357 martii
791 4299 835 4372 (43
851 4298 938 4372 mart.)
950 4299 1040 4356 Firmi.
1055 4301 1107 4357 Pro
1121 4299 1283 4358 monasterio
1297 4299 1413 4356 Sanctae
1425 4297 1524 4356 nune
1535 4295 1569 4355 de
1582 4301 1674 4355 monte
1686 4295 1808 4355 Senario.

515 4398 630 4457 dPstro
640 4397 769 4472 Capcccic
782 4395 910 4454 cardinali
924 4397 1014 4453 Sancti
1027 4395 1134 4470 Georgii
1148 4398 1183 4454 ed
1199 4395 1297 4456 velum
1310 4395 1444 4453 domum:

496 4526 533 4538 -
587 4499 621 4553 46
639 4495 764 4553 misndae
780 4493 931 4552 decembris
947 4494 993 4566 (tc
1006 4493 1092 4568 nou),
1112 4497 1272 4554 llaceratae.
1292 4495 1344 4552 Pro
1363 4491 1515 4550 hominibus
1535 4491 1885 4567 macrocosmus,

620 4610 647 4665 p.
660 4595 724 4662 ast,
739 4597 795 4648 not.
809 4595 835 4648 4.

496 4721 533 4735 -
588 4689 745 4748 tealendas
757 4689 908 4748 decembris
922 4690 971 4762 (at
983 4689 1068 4763 nou),
1083 4689 1155 4766 apud
1171 4689 1313 4750 Civitatem
1330 4691 1444 4750 Noram.
1459 4689 1512 4747 Pro
1524 4687 1680 4748 horninibus
1692 4686 1814 4746 Civitatis
1827 4687 1889 4745 Nc·

621 4802 680 4846 rae.
695 4787 772 4858 Quod
784 4786 897 4848 4444444444.
