4352 5940
513 603 574 668 558
1011 602 1225 664 iaiostttci
1249 602 1424 664 siclini
1734 601 1816 684 [ln.
1833 601 1921 662 1247.

514 739 616 812 tionis
637 737 796 832 spiritum
816 757 837 808 a
859 736 963 808 nobis
984 737 1126 810 devotio
1144 749 1262 810 restra
1281 738 1465 832 suscipiat,
1484 744 1520 809 et
1540 736 1723 808 nobiscnm
1744 745 1925 830 expectate

512 861 684 951 victorie,
710 861 811 952 cnjus
833 859 879 932 de
903 861 1056 934 nefanda
1078 863 1271 934 rebellione
1298 861 1538 934 Parmensium
1568 859 1799 932 indubitatam
1827 869 1923 952 spem

514 985 679 1076 gerimus,
697 995 796 1076 grata
811 985 1074 1079 participatione
1090 987 1231 1076 letetur,
1249 986 1337 1058 scire
1352 1006 1418 1057 vos
1432 985 1595 1058 volumus
1607 983 1704 1078 quod
1726 981 1784 1054 dio
1807 980 1926 1052 martis

516 1105 1344 1204 secundopresentismensis(a),adobsidionem
1353 1104 1922 1201 Parmevictorioscprocestimns:
2002 1099 2004 1104 ’

515 1232 1243 1305 assistentibnsnobisnostmrumiidelinm
1252 1231 1527 1326 virdius,quide
1539 1231 1778 1323 adjacentibus
1791 1227 1926 1320 ligurio

517 1356 672 1452 partibus
683 1355 880 1427 voluntarie
895 1365 1147 1428 convenerunt.
1161 1356 1277 1441 Quare
1290 1356 1469 1429 dovotioni
1484 1365 1601 1428 restro
1616 1353 1826 1450 precipimus
1838 1370 1925 1444 qna·

518 1490 641 1568 tenus,
657 1479 748 1551 sicut
763 1501 919 1572 unquam
931 1481 1079 1572 gratiam
1093 1491 1249 1552 nosbam
1271 1479 1413 1552 charam
1428 1479 1566 1551 habetis
1582 1490 1618 1550 et
1632 1487 1787 1550 nostram
1801 1495 1844 1547 ac
1858 1475 1924 1546 im·

517 1603 605 1698 perii
618 1602 865 1674 exaltationem
878 1602 1088 1694 diligitis,ad
1098 1604 1357 1698 requisitionem
1371 1600 1536 1674 Friderici
1551 1601 1596 1674 de
1611 1597 1925 1684 antiochianum·

519 1726 563 1798 tis
580 1727 668 1798 Albe
686 1734 722 1797 et
738 1727 826 1798 sacri
839 1727 976 1822 imperii
990 1727 1027 1798 in
1040 1726 1187 1800 l'hnscia
1197 1727 1318 1798 vicarii
1329 1727 1515 1820 generalis,
1528 1724 1647 1796 dilecti
1659 1721 1722 1794 tilii
1735 1720 1859 1808 nostri,
1869 1719 1926 1792 cui

520 1849 649 1923 exinde
675 1849 874 1938 scribimus,
907 1859 1228 1943 quantumcumque
1255 1850 1401 1945 potestis
1429 1848 1689 1920 multitudinem
1718 1846 1926 1918 bellatorum

519 1973 566 2046 ad
581 1972 715 2045 reticem
735 1973 928 2044 exercitum
942 1983 1118 2063 nostrum,
1135 1975 1236 2065 cujus
1252 1974 1390 2064 estjam
1405 1983 1522 2066 presto
1538 1971 1700 2060 victoria,
1717 1976 1878 2064 potenter
1891 1975 1928 2038 et

519 2097 675 2168 hilariter
695 2096 961 2168 transmittatis:
986 2096 1033 2169 de
1055 2097 1190 2192 quesite
1210 2097 1323 2169 laudis
1344 2097 1452 2169 tibilis
1471 2094 1631 2185 letaturi,
1649 2116 1730 2166 cum
1754 2093 1799 2166 dc
1821 2090 1928 2186 ipsius

521 2221 626 2293 celeri
641 2221 899 2316 expugnatione
912 2219 1075 2293 fiduciam
1089 2220 1341 2314 egredientium
1356 2220 1521 2293 continue
1536 2219 1581 2292 dc
1596 2228 1688 2291 terra
1701 2218 1778 2312 ipsa
1790 2215 1924 2304 relatio,

522 2365 611 2440 qnos
630 2365 701 2418 non
722 2344 758 2415 in
780 2344 918 2416 modica
938 2345 1131 2436 mentitae
1155 2345 1326 2449 presentis
1348 2344 1503 2440 potentie
1526 2351 1645 2416 nostre
1667 2342 1770 2414 timor
1791 2339 1924 2429 educit,

522 2467 787 2542 indubitabilem
799 2458 979 2560 tugiam,
996 2477 1065 2540 etc.

575 3014 788 3099 Fridcricus
813 3016 863 3100 de
894 3016 1118 3128 Antiochia,
1145 3017 1294 3128 imperii
1320 3018 1360 3100 in
1388 3018 1525 3102 Tuscia
1551 3017 1738 3127 vicarius,
1769 3018 1927 3128 receptis

523 3147 656 3232 litteris
674 3148 801 3232 fratris
820 3149 880 3232 sui
897 3149 1048 3236 chrici
1065 3151 1182 3260 regis,
1202 3150 1410 3260 imperialis
1427 3152 1468 3233 in
1486 3149 1594 3234 ltalia
1615 3150 1742 3262 legati,
1763 3151 1928 3262 quibus-

521 3283 612 3365 dam
637 3281 813 3367 fidelibus
837 3284 995 3368 mandat
1018 3296 1063 3369 ut
1084 3311 1215 3370 secum
1237 3286 1288 3368 ad
1311 3285 1550 3370 obsidionem
1575 3283 1735 3370 Parmae
1758 3285 1928 3371 celeriter

524 3415 688 3499 veniant.

617 3627 712 3706 (Edit.
726 3645 777 3708 ep.
791 3627 875 3691 Petri
886 3625 921 3688 de
939 3629 1004 3691 Via.
1015 3629 1110 3711 aptit,
1122 3629 1226 3710 ΠΗ,
1240 3646 1306 3708 cap.
1322 3629 1432 3694 CXVII
1444 3636 1475 3692 et
1487 3627 1687 3711 cxviii3tin.
1700 3631 1925 3714 ll,cap.L1X.)

1209 3868 1225 3940 1

569 4037 755 4112 lntellectis
774 4059 839 4135 per
858 4060 920 4111 vos
938 4061 986 4112 ex
1006 4050 1199 4112 vestrarum
1219 4041 1307 4113 serie
1325 4041 1517 4130 literarum,
1532 4048 1568 4112 et
1587 4049 1765 4134 gratanter
1779 4044 1927 4140 receptis

520 4163 717 4236 rumoribus
731 4161 776 4234 de
791 4162 936 4235 victoria
954 4172 990 4234 et
1005 4163 1179 4259 triumpho
1194 4185 1259 4260 per
1272 4186 1337 4237 ros
1352 4163 1572 4236 laudabiliter
1589 4163 1715 4238 habitis
1731 4177 1852 4240 contra
1869 4187 1925 4240 rc·

521 4287 631 4360 belles
645 4285 792 4382 imperii,
807 4285 936 4358 exinde
948 4286 1182 4382 concipientes
1197 4288 1364 4380 gaudium
1380 4288 1601 4381 immensum,
1616 4288 1770 4361 studium
1782 4289 1927 4364 cudens

562 4485 606 4567 (a)
626 4489 663 4548 ln
676 4490 818 4565 impresso
834 4485 880 4546 die
894 4485 1017 4548 eeucado
1029 4487 1192 4567 prancatii
1209 4488 1314 4548 mentis
1330 4490 1459 4570 maesti.
1474 4489 1571 4563 Quem
1587 4489 1686 4552 locum
1706 4497 1842 4552 accurate
1858 4506 1924 4551 cor·

522 4595 651 4655 rextmm
663 4593 702 4653 ad
714 4591 805 4652 fldem
817 4593 954 4654 codicum
972 4592 1120 4654 llarlelnnt
1133 4595 1165 4653 ln
1181 4593 1346 4656 britannico
1359 4596 1496 4668 Musaeo,
1511 4593 1663 4657 Bodleinm
1681 4605 1737 4658 tto
1748 4596 1829 4673 apud
1842 4595 1924 4658 Oxo·

521 4701 618 4778 ntem,
633 4697 775 4778 pbllologt
787 4696 917 4760 vindob.
934 4707 983 4772 ti,
999 4697 1225 4778 Stuttgnrtcusts
1238 4707 1309 4761 iti.
