4352 5940
521 551 582 616 562
1020 552 1234 614 FlllDElllCl
1258 552 1432 616 suctum
1737 503 1820 630 [dns.
1840 552 1928 614 latr.

521 689 614 762 dicte
631 685 868 759 universitatis
884 685 974 758 utin
991 708 1181 783 causaque
1198 688 1401 762 vertebatur
1414 687 1506 760 iuter
1521 708 1600 758 eum
1619 708 1667 760 ex
1681 686 1837 784 predicte
1852 686 1931 758 uni·

520 809 694 884 versitatis
705 807 756 906 (a)
773 830 820 880 ex
832 819 931 903 parte
944 831 1015 880 una
1032 820 1068 882 et
1083 811 1311 882 laurencium
1325 810 1370 883 de
1385 811 1480 884 Polla
1497 809 1679 906 syndicum
1696 809 1932 884 universitatis

520 934 625 1006 castri
638 933 731 1005 Polle
747 953 811 1027 pro
826 942 926 1029 parte
945 933 1053 1028 ipsius
1068 935 1302 1007 universitatis
1320 956 1368 1007 ex
1382 936 1493 1007 altera
1509 944 1544 1007 et
1557 955 1674 1007 coram
1689 934 1872 1007 Thomasio
1885 934 1930 1007 de

520 1057 655 1140 Molisio
670 1057 706 1128 in
723 1055 837 1128 officio
850 1077 1050 1152 precessore
1067 1053 1143 1152 (sic)
1156 1068 1275 1130 nostro
1290 1059 1404 1130 luerat
1417 1058 1556 1156 incepta
1572 1067 1608 1130 et
1619 1057 1776 1131 noudum
1790 1070 1931 1130 senten·

521 1181 649 1253 tialiter
664 1178 866 1268 terminata,
884 1188 989 1273 prout
1002 1200 1068 1273 per
1082 1189 1160 1251 acta
1175 1179 1283 1275 ipsius
1298 1190 1457 1253 constare
1479 1189 1631 1274 poterat,
1652 1179 1843 1253 secundum
1854 1181 1929 1272 jus·

521 1305 631 1378 titiam
648 1301 837 1399 procedere
853 1300 1074 1373 deberemus.
1088 1303 1192 1394 Cujus
1206 1303 1409 1397 petitionem
1425 1311 1546 1397 utpote
1560 1305 1690 1396 justam
1707 1312 1744 1376 et
1756 1303 1830 1398 juri
1844 1324 1928 1376 oon·
1947 1359 1948 1362 ,

520 1449 643 1504 sonam
669 1425 913 1514 admittentes,
936 1425 1019 1496 visis
1048 1425 1134 1497 actis
1164 1426 1310 1521 predicti
1339 1425 1548 1522 precessoris
1579 1427 1709 1516 nostri,
1734 1427 1930 1499 invenimus

519 1551 716 1647 predictum
733 1547 956 1619 Laurentium
972 1547 1155 1643 syndicum
1171 1548 1405 1620 universitatis
1425 1547 1605 1620 hominum
1627 1551 1731 1622 castri
1748 1550 1843 1623 Polle
1866 1572 1929 1646 pro

520 1681 620 1770 parte
636 1671 744 1767 ipsius
757 1670 990 1743 universitatis
1001 1679 1123 1743 contra
1136 1671 1535 1766 predictumlohannem
1556 1671 1739 1768 syndicum
1762 1672 1929 1768 predicto

521 1819 600 1870 rum
619 1794 799 1868 hominum
815 1794 938 1864 casalis
955 1794 1071 1866 Sancti
1093 1795 1186 1866 Petri
1201 1794 1247 1867 de
1261 1795 1357 1868 Polla
1376 1816 1440 1890 pro
1460 1805 1559 1890 parte
1580 1795 1755 1891 ipsorum,
1774 1796 1929 1870 libellum

521 1917 742 2016 proposuisse
760 1917 797 1988 in
811 1916 982 2011 imperiali
995 1917 1091 1989 curia
1107 1917 1143 1989 in
1159 1916 1254 1990 hunc
1271 1917 1428 2010 modum,
1446 1927 1513 1991 etc.
1531 1916 1546 2013 (
1564 1917 1578 2014 )
1592 1970 1926 1993 .........

523 2043 679 2140 (Petente
694 2041 788 2114 dicto
803 2039 989 2113 Laurentio
1002 2050 1043 2113 ut
1056 2040 1216 2114 homines
1225 2041 1348 2116 casalis
1363 2043 1480 2115 Sancti
1495 2041 1587 2114 Petri
1600 2041 1645 2114 de
1663 2042 1758 2115 Polla
1772 2062 1928 2116 commu-

520 2166 639 2239 nicent
654 2187 734 2238 cum
747 2163 946 2236 hominibus
962 2165 1065 2236 castri
1080 2166 1175 2237 Polle
1193 2165 1229 2236 in
1246 2165 1486 2238 exactionibus
1503 2165 1740 2260 imperialibus
1753 2175 1789 2237 et
1803 2167 1928 2240 collec-

520 2289 578 2380 tis,
590 2298 626 2360 et
640 2286 711 2360 fixo
726 2286 874 2359 termino
890 2297 929 2358 ut
944 2296 1184 2381 comparerent
1197 2287 1322 2358 iterum
1336 2287 1586 2382 partes,dictus
1600 2288 1804 2360 Laurentius
1817 2309 1929 2360 reces-

520 2412 565 2484 sit
580 2412 654 2484 sine
669 2410 808 2482 licentia
824 2409 919 2480 curie
939 2419 975 2480 et
989 2430 1081 2480 novo
1097 2407 1169 2480 lixo
1186 2410 1353 2500 termino,
1370 2410 1502 2482 scilicet
1521 2409 1567 2482 ad
1585 2409 1759 2482 decimum
1773 2411 1927 2504 ejusdem

519 2534 648 2608 mensis
668 2533 746 2625 julii
771 2533 878 2623 diem,
894 2532 1092 2602 nullatenus
1115 2532 1321 2625 comparuit.
1337 2533 1437 2605 Unde
1463 2532 1726 2628 exceptionibus
1750 2531 1929 2607 hominum

519 2657 642 2730 casalis
657 2655 774 2727 Sancti
786 2655 877 2728 Petri
889 2654 1056 2748 probatis,
1064 2655 1270 2746 justitiarius
1282 2655 1469 2749 imperialis
1483 2654 1594 2728 dictos
1607 2654 1765 2728 homines
1780 2657 1930 2730 absolvit

519 2779 720 2874 apetitione
730 2778 814 2851 dicti
825 2778 1128 2871 Laurentii,quem
1144 2779 1355 2850 condemnat
1367 2779 1404 2849 in
1417 2779 1528 2852 unciis
1538 2779 1615 2850 auri
1630 2779 1738 2852 tribus
1755 2801 1836 2872 erga
1851 2804 1929 2877 pre·

519 2902 650 2974 dictum
665 2901 854 2972 Iohannem
872 2900 1053 2996 syndicum
1070 2921 1133 2995 per
1148 2901 1354 2972 sententiam
1372 2901 1536 2996 scriptam
1549 2922 1571 2973 a
1586 2900 1767 2974 hlirabello
1783 2902 1819 2974 in
1832 2904 1929 2996 justi·

519 3025 663 3097 ciariatu
679 3017 835 3096 actorum
851 3022 1000 3114 notario,
1017 3023 1112 3118 apud
1132 3022 1400 3119 Beneventum.)

347 3549 464 3657 m,
574 3556 771 3665 Philippus
787 3556 835 3638 de
858 3553 1030 3661 Catonia,
1043 3554 1249 3662 imperialis
1274 3554 1456 3664 magister
1482 3554 1713 3638 camerarius
1739 3555 1780 3637 iu
1803 3551 1929 3638 Sicilia

522 3691 618 3773 citra
638 3689 782 3771 llumen
806 3687 973 3790 Salsum,
985 3685 1188 3770 Guillclmo
1214 3686 1262 3769 de
1290 3688 1478 3770 Panormo
1502 3686 1717 3770 Biocarensi
1745 3687 1927 3770 canonico

518 3822 630 3933 juxte
664 3831 833 3901 tenorem
868 3816 1122 3926 imperialium
1152 3819 1483 3927 constitutionum,
1521 3828 1608 3928 post
1643 3819 1927 3930 inquisitionem

523 3951 664 4036 factam
680 3950 847 4033 decimas
863 3947 937 4057 ipsi
954 3947 1100 4030 debitas
1122 3949 1264 4033 exsolvi
1279 3949 1401 4060 jubet.

604 4157 705 4238 (Edld.
721 4157 920 4234 Monorross,
940 4151 1055 4232 Bullcc,
1064 4152 1201 4237 pretty.
1216 4163 1245 4218 ct
1259 4157 1395 4218 instruor.
1416 4155 1557 4217 Pauorm.
1578 4153 1723 4230 mosae,
1743 4175 1774 4238 p.
1797 4167 1870 4237 tta,
1890 4173 1927 4220 cx

641 4269 828 4339 transumpto
839 4261 973 4323 authent.
988 4277 1059 4323 ann.
1077 4270 1166 4341 last,
1182 4271 1220 4324 aa
1233 4261 1378 4342 augusti.)

563 4447 606 4527 (a)
627 4445 716 4508 Deest
729 4463 823 4508 onam
836 4445 970 4507 verbam.

564 4551 604 4632 (t)
626 4551 765 4630 Sequitur
786 4553 907 4613 minoris
933 4553 1075 4613 momentl
1097 4552 1328 4614 instrumentum
1349 4555 1435 4632 cnjus
1456 4553 1653 4616 substanttam
1678 4558 1798 4616 tantam
1817 4568 1928 4629 expro-

521 4661 641 4722 mlmm.
