4352 5940
241 631 341 692 rom.
355 624 403 707 a]
683 576 882 684 ursronrn
904 619 1202 683 nrrrouurrcn.
1588 622 1649 686 arc

242 765 340 838 ducis
353 761 519 853 Saxonie,
533 779 674 832 necnon
684 767 720 830 et
727 759 863 830 nobiles
875 759 920 830 de
931 756 1071 830 dustria
1085 765 1121 828 et
1134 756 1237 830 Stiria
1251 765 1288 828 et
1298 755 1340 830 Ο.
1355 753 1400 830 de
1413 757 1592 830 Everstein
1601 757 1651 858 (a)

241 889 301 984 qui
315 909 380 984 pro
398 887 553 982 ipsorum
570 883 739 955 nobilium
755 882 937 978 capitaneo
956 881 1097 954 nominc
1117 881 1200 953 dicti
1219 879 1390 954 frederici
1413 903 1450 952 se
1465 882 1572 975 gerit,
1585 882 1652 954 riri

241 1011 378 1085 nobiles
398 1029 540 1103 genere,
557 1006 620 1081 sed
633 1008 705 1080 suis
722 1006 895 1102 perversis
917 1005 1052 1078 actibus
1072 1004 1329 1098 ignobilitautes
1344 1003 1475 1100 seipsos
1492 1013 1528 1076 et
1543 1004 1579 1076 in
1596 1027 1650 1078 re·

243 1135 391 1232 pmhum
412 1155 553 1206 sensum
574 1132 659 1220 dati,
677 1131 811 1226 prefato
823 1129 1007 1202 Frederico
1023 1137 1144 1202 contra
1156 1129 1268 1200 Deum
1285 1137 1319 1200 et
1336 1129 1446 1224 ipsam
1462 1129 1651 1202 Ecclesiam

243 1260 408 1332 assistam
429 1258 575 1331 viriliter
598 1265 635 1330 et
662 1265 835 1351 potenter.
865 1255 1017 1348 Ideoque
1047 1254 1254 1326 mandamus
1277 1263 1449 1347 quatenus
1476 1253 1652 1349 predictos

243 1379 538 1479 archiepiscopum
555 1390 591 1454 et
606 1380 786 1476 episcopos
804 1379 1008 1452 auctoritato
1027 1387 1147 1450 nostra
1167 1377 1289 1467 citans,
1307 1373 1456 1471 preligas
1468 1373 1517 1448 eis'
1533 1377 1650 1448 termi-

243 1527 326 1579 num
342 1506 614 1603 peremptorium
628 1512 883 1600 competentem
895 1524 965 1596 quo
977 1503 1203 1598 personaliter
1216 1503 1262 1576 ad
1275 1499 1484 1598 presentiam
1499 1511 1651 1574 nostram

244 1632 413 1704 accedant
427 1651 491 1727 pro
507 1631 639 1702 mentis
654 1628 847 1723 recepturi,
863 1627 950 1700 alios
967 1649 1051 1700 vero
1061 1625 1247 1719 jamdictos
1262 1625 1396 1698 nobiles
1412 1636 1451 1699 ut
1465 1626 1511 1698 ah
1528 1624 1651 1698 eodem

244 1755 425 1829 Frederioo
439 1754 578 1852 penitus
591 1753 794 1826 recedentes
806 1771 877 1823 non
892 1760 1047 1846 prestent
1064 1751 1095 1822 ei
1109 1749 1291 1839 auxilium,
1310 1749 1490 1821 consilium
1507 1759 1542 1822 ct
1554 1751 1651 1822 favo·

245 1899 318 1954 rem
331 1903 374 1954 ac
385 1879 431 1953 ad
442 1881 610 1952 unitatem
624 1888 742 1952 sancte
753 1877 872 1950 matris
882 1875 1034 1948 Ecclesia
1049 1885 1268 1948 revertantur
1282 1873 1470 1947 monitione
1484 1875 1653 1970 premissa

245 2027 307 2102 per
326 2027 509 2078 censuram
525 2003 792 2078 ecclesiasticam
810 2001 1042 2097 appellatione
1059 2009 1192 2072 remota
1208 1999 1462 2094 compellendo,
1481 2000 1510 2072 si
1524 1998 1653 2073 videris

247 2129 426 2224 expedire.

292 2255 420 2326 Datum
435 2251 608 2345 Lugduni,
624 2251 684 2324 vll
699 2249 865 2322 kalendas
881 2246 1093 2340 novembris,
1110 2268 1203 2320 anno
1215 2247 1350 2340 quinto.
1467 2237 1471 2242 ⁴

299 2832 436 2915 Variae
458 2832 637 2942 epistolae
654 2831 866 2928 lnnooautii¹
884 2859 1005 2943 papae
1026 2835 1075 2918 de
1099 2834 1279 2918 electione
1301 2833 1486 2917 Willelmi
1504 2833 1653 2918 comitis
1722 2856 1854 2941 „1:‚„;„·„‚

254 2962 474 3049 llollandiae
487 2976 526 3048 et
542 2993 613 3075 pro
630 2976 736 3049 tauto
754 2967 906 3076 negotio
924 2966 1080 3050 viriliter
1096 2968 1413 3050 consummando.

328 3181 420 3260 (lldlt
438 3181 969 3260 ap.1taruaun.,rlcnal.ecclu.ad
987 3201 1059 3246 ann.
1082 3192 1171 3258 tata,
1191 3185 1260 3261 SV,
1279 3189 1414 3264 crcgest.
1435 3184 1488 3245 ΙΙΙ).
1506 3187 1545 3259 V,
1566 3188 1653 3264 cplst.

366 3289 486 3362 cartul,
501 3298 536 3350 n·
550 3299 605 3363 ²²3
619 3293 651 3352 at
663 3303 710 3368 ap.
725 3292 836 3364 murz,
851 3287 983 3352 Monam.
1000 3289 1097 3352 Germ.
1111 3289 1224 3366 litator,
1239 3297 1263 3351 t.
1276 3291 1331 3365 IV,
1345 3309 1376 3370 p.
1393 3287 1476 3371 att.)

297 3471 538 3569 innocentius,
555 3487 640 3569 ete,
662 3473 921 3574 archiepiscopo
939 3478 1139 3572 Magantiuo
1157 3475 1209 3577 [et
1226 3479 1449 3573 suffraganeis
1465 3476 1567 3578 ejus],
1583 3491 1650 3554 etc.

251 3598 407 3672 Studium
433 3611 468 3672 et
492 3597 758 3674 sollicitudinem
783 3623 887 3696 quam
908 3603 944 3674 in
965 3603 1139 3675 creatione
1165 3602 1355 3676 charissimi
1376 3605 1412 3675 in
1438 3604 1570 3678 Christo
1594 3603 1655 3677 filii

250 3724 357 3797 nostri
373 3717 464 3818 regis
475 3726 708 3797 Romanorum
724 3724 925 3823 illustris(l)
939 3725 1102 3798 hahuisse
1118 3727 1312 3818 noscimini,
1329 3728 1442 3820 dignis
1459 3729 1494 3800 in
1507 3707 1655 3803 Domino

252 3845 410 3920 laudibus
428 3847 725 3942 commendantes,
740 3850 929 3941 gratiarum
942 3851 1042 3923 vohis
1057 3873 1144 3943 quas
1158 3872 1340 3947 possumus
1354 3853 1535 3925 referimus
1551 3854 1656 3926 actio·

252 3992 325 4044 nos.
345 3967 435 4058 Quia
453 3969 538 4046 uero
557 3983 688 4066 quanto
708 3975 821 4066 majus
843 3983 896 4046 cst
919 3973 1095 4069 inceptum
1117 3975 1316 4068 negotium,
1338 3985 1434 4049 tanto
1454 3979 1500 4051 ad
1520 3977 1655 4049 felicem

253 4096 325 4187 ejus
339 4097 673 4170 consummationem
686 4097 818 4170 auxilio
833 4097 964 4190 indiget
978 4099 1116 4194 potiori,
1130 4098 1379 4172 fraternitatem
1394 4111 1545 4173 vestram
1561 4121 1657 4192 roga·

253 4241 342 4312 mus,
357 4241 540 4292 monemus
563 4229 598 4292 et
619 4221 800 4293 hortamur
822 4230 952 4293 attente
974 4222 1012 4292 in
1034 4222 1270 4294 remissionem
1298 4222 1398 4297 vohis
1418 4222 1656 4317 peccaminum

293 4397 335 4478 (a)
357 4398 394 4459 ln
406 4397 505 4460 eodleo
515 4397 555 4460 ΙΙ.
570 4395 605 4458 dc
617 4397 787 4475 Orontem
799 4397 873 4460 allas
884 4398 924 4458 ΙΙ.
940 4395 975 4458 dc
989 4398 1157 4477 anrttcln,
1172 4399 1259 4460 male.
1276 4397 1361 4459 Idem
1375 4415 1444 4460 vero
1457 4399 1509 4476 qul
1521 4411 1623 4477 supra.

291 4635 325 4710 (tl
344 4634 450 4696 Scilicet
462 4635 624 4696 willielmus
640 4651 730 4696 comes
743 4637 899 4696 hollandiae
912 4635 958 4710 qul
970 4635 1037 4695 feria
1053 4637 1145 4712 quinta
1158 4643 1219 4712 poet
1229 4636 1367 4696 Michaelis
1380 4635 1477 4696 festum
1491 4639 1518 4713 (3
1529 4639 1656 4714 octobris)

256 4735 324 4807 apud
340 4735 431 4794 Nonas
445 4735 547 4794 clectus
561 4740 613 4810 est,
629 4741 661 4793 ut
672 4735 793 4794 referunt
802 4735 930 4794 hlhertus
945 4733 1082 4794 stadensis
1095 4740 1124 4795 et
1136 4735 1181 4794 alii
1193 4737 1331 4795 coaetanei
1343 4736 1499 4812 scriptores.
