4318 5904
778 607 1091 671 lllllllTAldElllTll.
1578 603 1636 668 931

233 769 254 810 »
272 741 388 816 babeo
421 743 458 815 in
487 742 616 816 Arena
641 769 658 810 a
682 745 754 815 iloc
781 744 930 817 dicendo
954 746 1097 842 yronice
1125 746 1348 840 loquebatur3
1387 742 1450 815 sed
1478 741 1640 814 dominus

232 866 406 940 Gerardus
428 889 500 940 non
517 867 745 959 intelligebat.
766 868 935 940 Credebat
951 869 1043 940 enim
1059 868 1155 963 quod
1169 867 1285 939 omnia
1300 877 1454 961 tempora
1472 861 1641 960 equaliter

233 1001 426 1064 currerent.
445 992 531 1063 Cum
546 1001 663 1063 autern
680 1001 834 1087 tempore
846 992 938 1064 illius
951 992 1140 1065 obsidionis
1155 991 1248 1064 exivi
1264 991 1308 1063 de
1322 993 1443 1062 Parma
1455 999 1496 1062 ut
1508 990 1595 1062 irem
1603 988 1639 1061 in

232 1114 432 1205 Franciam,
456 1115 598 1187 transivi
619 1137 681 1210 per
699 1114 890 1188 Fontanam
911 1118 1029 1188 utam
1056 1139 1125 1212 que
1149 1124 1203 1188 est
1224 1117 1307 1190 villa
1330 1115 1366 1186 in
1387 1135 1457 1208 qua
1478 1114 1639 1187 dominus

232 1238 407 1312 Gerardus
423 1240 468 1312 de
487 1239 603 1312 Canali
626 1250 709 1310 tune
726 1241 890 1335 temporis
904 1239 1101 1330 babitabat;
1119 1249 1153 1312 et
1166 1240 1254 1312 vidit
1269 1261 1325 1311 me
1340 1239 1489 1311 libenter
1501 1250 1536 1311 et
1550 1238 1640 1311 dixit

232 1361 317 1434 mibi
333 1362 415 1456 quia
434 1363 538 1436 valde
557 1363 650 1435 utilis
668 1374 744 1436 erat
760 1365 1005 1436 Parmensibus
1020 1364 1081 1457 qui
1096 1363 1300 1436 habitabant
1316 1364 1351 1434 in
1366 1365 1503 1454 Parma3
1524 1373 1558 1435 et
1574 1385 1639 1457 ego

232 1484 305 1560 dixi
324 1487 390 1558 sibi
409 1517 419 1561 z
439 1515 456 1554 a
473 1488 556 1560 Cum
572 1487 761 1583 imperator
779 1488 823 1559 sit
840 1487 875 1558 in
890 1488 1071 1560 obsidione
1084 1489 1224 1580 Parme,
1241 1496 1303 1559 aut
1318 1487 1460 1559 omnino
1474 1487 1547 1558 sitis
1560 1508 1639 1558 cum

235 1634 254 1678 >›
273 1631 316 1683 eo
334 1620 395 1682 aut
411 1633 491 1682 cum
509 1611 751 1683 parmensibus
769 1611 883 1705 quiin
903 1611 1042 1684 civitate
1058 1621 1250 1702 morantur,
1271 1622 1307 1684 et
1320 1611 1426 1682 nolite
1445 1611 1639 1684 claudicare

236 1759 256 1800 »
274 1733 310 1805 in
326 1734 414 1806 duas
439 1747 574 1830 partes,
597 1735 679 1828 quia
703 1757 774 1807 non
802 1736 945 1830 expedit
962 1736 1073 1808 vobis.
1094 1764 1111 1803 n
1129 1737 1206 1808 Non
1221 1735 1355 1808 audivit
1371 1757 1425 1807 me
1441 1743 1476 1806 et
1487 1736 1641 1828 neglexit

232 1858 348 1929 lacere
375 1859 471 1951 quod
502 1858 659 1930 dixeram
687 1859 770 1947 sibi,
804 1868 839 1930 et
859 1859 939 1932 ideo
963 1882 1041 1930 curn
1063 1861 1153 1932 mola
1176 1859 1323 1931 asinaria
1346 1857 1392 1931 ad
1417 1859 1544 1930 collum
1564 1861 1639 1952 ejus

232 1979 600 2075 ligatainprolundum
610 1982 715 2053 maris
729 1982 793 2053 luit
808 1983 1027 2073 submersus,
1042 1992 1083 2054 ut
1101 1982 1258 2078 superius
1275 1981 1361 2054 dixi.
1393 1983 1436 2054 llt
1447 1991 1530 2053 nota
1544 1982 1638 2076 quod

232 2102 397 2176 dominus
411 2105 609 2178 Bernardus
625 2106 771 2178 Rolandi
793 2106 904 2178 Rubei
924 2107 969 2180 de
990 2107 1133 2198 Parma,
1156 2107 1217 2200 qui
1238 2106 1303 2178 luit
1322 2119 1490 2197 cognatus
1507 2105 1638 2177 domini

232 2249 323 2321 pape
339 2228 529 2301 Innocentii
542 2231 678 2322 quarti,
695 2229 817 2301 babuit
834 2230 926 2300 enim
940 2251 1092 2302 sororem
1107 2252 1196 2326 pape
1212 2250 1380 2320 uxorem,
1398 2229 1522 2300 melius
1537 2229 1640 2301 intel-

231 2351 322 2423 lexit
335 2353 482 2424 verbum
498 2353 715 2448 imperatoris
731 2353 796 2424 sibi
814 2354 1013 2426 metalorice
1029 2354 1160 2425 dictum
1174 2377 1279 2447 quam
1293 2354 1453 2425 dominus
1468 2353 1640 2426 Gerardus

233 2474 279 2548 de
290 2477 419 2548 Cauali.
439 2479 524 2550 Cum
540 2479 632 2550 enirn
646 2479 799 2572 quadam
815 2479 872 2550 die
888 2502 968 2551 cum
987 2480 1194 2574 imperatore
1207 2479 1376 2575 equitaret
1388 2488 1423 2550 et
1435 2501 1545 2574 equus
1556 2481 1639 2550 suus

232 2598 451 2694 oespitasset,
485 2600 575 2673 dixit
604 2601 635 2673 ei
665 2602 881 2698 imperator:
913 2603 1095 2674 «Domine
1120 2603 1315 2692 Bernarde,
1350 2604 1479 2674 malum
1510 2624 1638 2697 equum

234 2747 255 2788 »
273 2720 426 2814 habetis;
450 2722 514 2795 sed
543 2745 646 2819 spero
668 2735 704 2796 et
727 2727 890 2820 promitto
905 2726 1005 2800 vobis
1022 2727 1118 2820 quod
1131 2748 1240 2822 usque
1255 2725 1300 2798 ad
1316 2747 1445 2820 paucos
1458 2725 1533 2797 dies
1547 2725 1638 2797 dabo

232 2871 254 2920 ,u
275 2846 376 2918 vobis
397 2870 506 2918 unum
529 2848 726 2941 meliorem,
756 2849 908 2943 quinon
936 2850 1129 2945 cespitabit.
1157 2879 1174 2917 n
1207 2853 1250 2922 Et
1278 2850 1450 2921 intellexit
1478 2849 1639 2921 dominus

232 2969 430 3043 Bernardus
452 2972 546 3064 quod
566 2972 611 3043 de
634 2974 821 3068 suspendio
842 2975 986 3069 patibuli
1009 2975 1140 3047 diceret
1162 2976 1235 3048 sive
1248 2976 1440 3064 furcarum,
1460 2983 1496 3044 et
1509 2972 1640 3045 iollam·

233 3102 364 3165 matum
386 3102 422 3166 et
443 3095 660 3188 indignatum
678 3106 731 3168 est
749 3118 809 3170 cor
827 3099 901 3189 ejus
919 3107 1039 3169 contra
1056 3098 1317 3192 imperatorem,
1337 3108 1371 3168 et
1391 3097 1586 3168 absentavit
1601 3118 1638 3169 sc

231 3216 346 3289 abeo.
367 3218 474 3290 Porro
490 3219 652 3291 dominus
672 3220 868 3292 Bernardus
889 3231 1066 3317 compater
1085 3221 1150 3293 luit
1173 3221 1392 3316 imperatoris
1415 3229 1449 3292 et
1472 3219 1637 3292 amicissi-

232 3361 311 3411 mus
331 3340 434 3412 valde
454 3351 490 3413 et
505 3343 652 3415 dilectus
672 3343 718 3415 ab
735 3365 796 3434 eo,
819 3354 854 3415 et
870 3367 948 3416 cum
964 3347 1105 3417 volebat
1120 3344 1255 3437 ingredi
1270 3344 1315 3416 ad
1332 3365 1434 3435 eum,
1455 3346 1550 3416 nulla
1566 3355 1640 3415 erat

233 3461 280 3534 ibi
296 3464 474 3557 clausura;
499 3467 562 3538 sod
585 3467 775 3563 imperator
799 3468 929 3540 nullius
944 3469 1132 3550 amicitiam
1150 3488 1358 3540 conservare
1372 3468 1515 3540 sciebat.
1548 3524 1556 3540 .
1588 3521 1597 3540 .
1629 3523 1636 3539 .
1771 3540 1777 3552 ,

235 3637 526 3662 ........
555 3591 660 3664 Porro
680 3592 725 3664 de
743 3592 885 3664 domino
901 3593 1077 3665 Bernardo
1092 3592 1239 3666 Rolandi
1254 3593 1365 3665 Rubei
1380 3592 1561 3665 sciendum
1589 3601 1642 3662 est

232 3710 328 3802 quod
347 3733 525 3805 uunquam
554 3713 627 3786 vidi
658 3714 836 3786 bominem
863 3717 924 3810 qui
952 3718 1077 3789 melius
1106 3737 1292 3812 personam
1326 3718 1443 3808 magni
1477 3717 1642 3812 principis

232 3845 503 3929 representaret,
526 3835 679 3910 habebat
699 3839 792 3910 enim
816 3841 1055 3936 apparentiam
1081 3849 1116 3912 et
1138 3841 1376 3934 existentiam
1402 3862 1483 3914 nam
1500 3840 1641 3934 quando

231 3967 308 4029 erat
323 3959 359 4030 in
379 3959 473 4031 bello
489 3972 644 4034 armatus
669 3971 704 4034 et
725 3984 804 4034 cum
833 3964 930 4035 clava
947 3964 1061 4035 ferrea
1078 3962 1194 4036 hostes
1216 3965 1444 4058 percutiebat,
1460 3964 1543 4036 hinc
1559 3961 1640 4036 inde

232 4079 322 4152 sicut
336 4082 462 4158 alacie
476 4083 622 4177 diaboli,
641 4086 688 4157 ita
700 4085 963 4157 divertebantur
981 4101 1017 4158 et
1032 4087 1212 4180 fugiebant
1227 4089 1273 4159 ab
1287 4108 1342 4159 eo.

280 4205 379 4276 Nunc
407 4206 453 4278 ad
479 4208 692 4280 Fridericum
723 4220 939 4281 revertamur
967 4213 1069 4304 cujus
1095 4211 1236 4285 afflictio
1269 4221 1305 4283 et
1338 4211 1535 4284 maledictio
1571 4232 1640 4303 qua

233 4336 354 4398 contra
384 4329 543 4402 Parmam
568 4353 616 4402 ex
644 4341 716 4406 loto
741 4335 973 4406 inflammatus
997 4335 1148 4427 exarsit,
1176 4335 1316 4407 duravit
1341 4355 1363 4406 a
1392 4335 1640 4408 occultu

233 4459 385 4521 exeunte
402 4453 502 4543 junio
523 4456 696 4548 usquead
715 4459 764 4530 Μ.
775 4459 836 4531 CC.
850 4460 983 4531 XLVlll
1003 4460 1208 4531 duodecima
1226 4460 1283 4531 die
1299 4468 1450 4532 exeunte
1467 4459 1641 4531 lebruario

232 4569 340 4643 indie
358 4575 496 4669 martis,
514 4578 549 4649 in
567 4601 636 4672 qua
649 4591 750 4676 capta
769 4591 821 4653 est
835 4582 984 4654 Victoria
1000 4583 1133 4656 civitas
1151 4583 1239 4654 Nam
1257 4583 1459 4653 Parmenses
1475 4593 1641 4655 etomnes

202 4751 204 4756 .
231 4693 360 4770 milites
376 4708 411 4770 et
426 4704 613 4797 populares
631 4707 754 4778 armati
774 4716 809 4778 et
821 4707 995 4802 preparati
1014 4706 1060 4779 ad
1076 4729 1228 4802 pugnam
1247 4706 1436 4780 exiverunt
1453 4706 1499 4780 de
1519 4709 1641 4779 Parma
1733 4791 1741 4810 ἡ
