4306 5914
207 639 304 698 lrnrcr.
320 639 367 716 ¹l.]
656 635 852 699 HISTORIA
877 635 1173 701 olrtouhrlct.
1551 635 1612 698 693

208 795 321 845 meum
337 795 397 846 ero
408 775 483 846 sine
501 773 622 846 fraude
638 773 813 864 defensor,
829 785 864 846 et
886 795 1104 868 quecumque
1121 772 1299 845 admanus
1314 793 1410 844 meas
1425 770 1614 845 devenient

207 897 280 969 sine
293 897 497 970 difficultate
511 898 693 970 restituere
707 899 912 994 procurabo.
925 897 979 970 Ad
992 897 1055 969 has
1073 897 1221 992 pertinet
1237 905 1309 969 tota
1328 906 1418 968 terra
1436 917 1504 989 que
1523 907 1613 968 esta

207 1022 416 1095 Radicolano
432 1044 542 1116 usque
556 1023 788 1118 ceperanum,
804 1022 1012 1095 exarchatus
1030 1023 1212 1112 Ravenna,
1230 1020 1444 1115 Pentapolis,
1462 1019 1613 1094 Marchia

207 1147 441 1237 Anconitana,
464 1147 611 1218 ducatus
640 1147 863 1242 spoletanus,
892 1157 983 1218 terra
1012 1145 1185 1220 comitisse
1213 1144 1407 1234 blathildis,
1430 1144 1613 1216 comitatus

204 1271 408 1360 Bmteuorii,
424 1291 504 1344 oum
520 1271 760 1365 adjacentibus
777 1271 876 1344 terris
890 1270 1062 1367 expressis
1077 1271 1112 1342 in
1130 1270 1247 1342 multis
1262 1268 1450 1366 privilegiis
1463 1268 1612 1364 impera·

208 1406 321 1467 torum
341 1417 361 1468 a
381 1405 535 1491 tempore
551 1396 728 1469 Ludovici.
747 1397 816 1468 llas
833 1417 954 1469 omnes
969 1416 1145 1490 proposse
1162 1415 1240 1465 meo
1256 1393 1434 1466 restituam
1451 1403 1486 1465 et
1498 1393 1614 1486 quiete

206 1519 378 1590 dimittam
400 1541 480 1590 cum
496 1517 591 1590 omni
603 1517 863 1611 jurisdictione,
881 1517 1039 1590 districtu
1057 1517 1254 1590 ethonore.
1273 1518 1519 1589 Verumtamen
1534 1539 1616 1589 cum

205 1644 250 1715 ad
270 1627 503 1738 recipiendam
520 1664 683 1715 coronam
700 1642 834 1738 imperii
849 1642 905 1714 vel
926 1663 989 1737 pm
1004 1641 1265 1714 necessitatibus
1281 1640 1434 1712 Ecclesie
1455 1641 1501 1712 ab
1518 1641 1614 1736 Apo·

205 1767 328 1848 stolica
355 1767 444 1838 Sede
468 1777 612 1839 vocatus
633 1788 829 1856 accessero,
849 1767 893 1838 de
916 1767 1080 1839 mandato
1108 1766 1231 1838 summi
1258 1763 1429 1861 pontilicis
1448 1765 1616 1860 accipiam

205 1893 485 1987 procurationem
500 1891 546 1962 ab
562 1891 625 1962 eis.
642 1890 791 1984 Adjutor
806 1891 911 1963 etiam
929 1912 990 1963 ero
1006 1890 1052 1962 ad
1073 1891 1292 1963 retinendum
1307 1899 1341 1962 et
1357 1888 1615 1961 defendendum

205 2016 358 2090 Ecclesia
374 2018 527 2089 Romane
542 2037 687 2109 regnum
701 2014 828 2087 Sicilie.
847 2014 921 2087 Tibi
936 2015 1039 2087 etiam
1059 2014 1200 2087 domino
1216 2035 1295 2087 meo
1309 2014 1510 2087 Innocentio
1525 2035 1615 2110 pape

205 2151 241 2215 et
260 2140 521 2214 successoribus
545 2139 613 2212 tuis
633 2161 772 2212 omnem
792 2139 1023 2212 obedientiam
1048 2149 1083 2212 et
1105 2137 1402 2212 honorificentiam
1420 2135 1613 2230 exhibebo,

204 2288 311 2361 quam
326 2265 443 2338 devoti
453 2275 489 2337 et
499 2263 657 2336 catholici
670 2263 895 2360 imperatores
906 2273 940 2334 et
952 2285 1051 2356 reges
1065 2273 1319 2336 consueverunt
1330 2261 1616 2357 SediApostolice

204 2393 389 2466 exhibere.
410 2391 453 2462 Et
469 2389 496 2462 si
514 2397 656 2484 pmpter
680 2387 857 2482 negotium
874 2399 990 2459 meum
1007 2389 1197 2460 Romanam
1219 2387 1408 2460 Ecclesiam
1426 2387 1618 2484 oportuerit
1696 2473 1700 2484 ¹

204 2519 385 2590 incurrere
400 2537 574 2608 guerram,
585 2513 789 2586 subveniam
805 2513 837 2584 ei
852 2512 941 2584 sicut
953 2513 1140 2584 necessitas
1151 2512 1377 2608 postulaverit
1388 2513 1422 2585 in
1438 2513 1614 2609 expensis.

204 2643 331 2716 Omnia
347 2663 430 2714 vero
449 2640 604 2736 predicta
623 2648 693 2710 tam
709 2647 926 2710 sacramento
945 2659 1049 2734 quam
1068 2637 1197 2734 scripto
1211 2636 1371 2728 firmabo,
1389 2659 1470 2710 cum
1483 2638 1618 2734 imperii

203 2769 307 2840 luero
320 2787 483 2838 coronam
497 2764 656 2859 adeptus.

253 2891 432 2987 Principes
449 2899 565 2961 autem
585 2887 720 2983 imperii
740 2895 776 2959 et
793 2887 927 2958 nobiles
940 2886 1067 2980 quibus
1084 2885 1302 2982 presentibus
1310 2886 1440 2978 juravi,
1459 2895 1540 2958 sunt
1553 2886 1614 2960 hi:

204 3015 398 3110 Sigesridus
412 3013 691 3109 archiepiscopus
703 2993 925 3105 hloguntinus
940 3011 1123 3084 Germanic
1138 3008 1478 3102 archicancellarium
1494 3012 1617 3084 Henn-

205 3163 269 3213 cus
286 3141 418 3212 electus
432 3139 617 3234 Spirensis,
633 3137 758 3229 regalis
773 3137 853 3208 aule
868 3137 1111 3227 cancellarius,
1126 3136 1289 3209 Albertus
1305 3157 1422 3208 comes
1437 3137 1482 3210 de
1496 3136 1618 3209 Dilliu-

205 3288 297 3359 gen,
314 3265 448 3336 Ulricus
464 3285 580 3336 comes
595 3262 639 3334 de
652 3261 904 3354 Wirtemberffi
918 3261 1095 3334 Conradus
1107 3283 1224 3334 comes
1236 3261 1429 3358 Sylvester3
1445 3262 1619 3335 Gerardus

205 3411 326 3464 comes
345 3390 390 3462 de
408 3389 520 3480 Dietz;
537 3387 681 3461 Emicho
701 3407 818 3460 comes
834 3387 878 3458 de
896 3386 1084 3480 Liningen3
1102 3387 1287 3459 Anselmus
1301 3384 1556 3458 mareschalcus
1572 3387 1617 3461 de

204 3517 406 3609 lustingen3
421 3517 610 3586 Wemerus
623 3513 667 3586 de
681 3510 846 3584 Bnlandia
860 3511 994 3606 dapifer
1007 3520 1043 3582 et
1053 3512 1226 3585 llemerus
1242 3508 1331 3608 lilius
1345 3511 1419 3603 ejus
1432 3510 1614 3606 pincemrq

206 3641 344 3714 Ulricus
368 3638 413 3712 de
436 3637 658 3731 llinzenberg
682 3634 908 3726 camerarius,
930 3634 1107 3707 Conradus
1127 3634 1172 3706 de
1194 3635 1400 3726 Smidevelt;
1423 3635 1618 3709 Fridericus

206 3766 251 3839 ue
268 3763 518 3856 annuenmrffi
537 3741 743 3835 codofridus
761 3761 805 3833 ue
822 3760 971 3852 singen,
991 3758 1419 3856 Sigetridusdeuumle13
1435 3759 1551 3833 cram
1573 3761 1617 3834 ue

205 3890 406 3981 Boohberg;
416 3887 609 3958 Willelmus
618 3885 807 3957 advocatus
816 3883 1005 3979 Aquensis3
1018 3883 1167 3966 Wiricus
1181 3883 1225 3954 de
1237 3885 1353 3973 Dona,
1370 3883 1471 3956 etalii
1483 3885 1613 3978 plures.

257 4017 383 4086 Datum
398 4013 433 4084 in
445 4011 567 4084 castris
577 4011 671 4106 apud
685 4009 902 4102 Engelheim,
919 4029 1011 4080 anno
1026 4007 1165 4081 Domini
1180 4003 1274 4084 tall
1288 4004 1380 4104 (sic),
1391 4009 1438 4080 xl
1451 4007 1617 4080 kalendas

208 4139 338 4232 martii,
356 4137 544 4212 indictione
559 4136 632 4229 Vll,
648 4135 745 4230 regni
761 4134 870 4208 nostri
885 4154 978 4206 anno
992 4134 1019 4205 l.

22 4230 28 4383 ἓ

459 4379 1374 4395 mma-esenow-

262 4623 485 4730 lmpcrator,
501 4615 660 4698 dimissa
678 4613 826 4696 civitate
836 4611 1091 4695 Vercellarum
1102 4610 1143 4693 in
1160 4609 1334 4694 custodia
1352 4607 1452 4692 Petri
1470 4607 1618 4692 Beche-
1661 4611 1811 4669 namq

209 4759 255 4838 rii
279 4766 315 4838 et
332 4749 461 4839 Jacobi
488 4752 537 4832 de
564 4749 716 4831 Carreto
734 4757 849 4856 atque
870 4744 1099 4828 marchionis
1124 4743 1300 4852 hanniae,
1323 4742 1505 4852 equitavit
1524 4743 1619 4826 Cre-

24 4732 27 4784 l

25 4810 28 4895 ἱ
289 4893 342 4956 lll·
363 4911 453 4960 rma
1421 4886 1461 4939 aa
