4352 5940
239 604 402 695 roras]
686 613 881 675 nrsronra
907 611 1201 676 nrrnousrrcs.
1586 596 1646 658 ora

241 756 394 826 savorem
409 751 587 846 publicum
601 747 659 820 vel
672 751 861 838 occultum,
875 747 925 820 illi
937 748 1051 821 eidem
1067 767 1158 843 pene
1171 743 1349 836 subjaceat
1362 751 1432 814 mm
1448 738 1484 810 in
1499 755 1647 833 persona

239 896 344 970 qnam
356 875 393 946 in
405 874 524 964 rebus,
535 871 593 944 cui
609 873 729 944 talium
743 875 895 945 fautores
911 872 1093 964 subjacent
1107 869 1299 943 secundum
1315 865 1498 939 canonicas
1513 871 1549 934 et
1561 861 1647 954 legi·

241 1000 341 1071 timos
355 997 564 1070 sanctiones.
577 996 781 1068 blandamus
799 1007 971 1089 quatenus
984 993 1141 1090 predicta
1158 993 1274 1066 omnia
1292 1001 1328 1064 et
1343 989 1479 1083 singula
1492 987 1649 1083 publice-

240 1123 284 1195 tis
298 1133 334 1194 at
344 1121 512 1216 publicari
529 1119 661 1192 faciatis
675 1141 738 1214 per
749 1122 825 1192 loca
837 1121 873 1190 in
889 1120 1015 1212 quibus
1027 1117 1184 1190 videritis
1200 1116 1379 1213 expedire.

288 1249 415 1318 Datum
430 1242 602 1336 Lugduni,
621 1244 699 1315 XIV
712 1243 878 1315 kalendas
892 1243 988 1333 maii,
1004 1264 1096 1314 anno
1111 1241 1154 1314 v.

1186 1513 1435 1528 -—-—

292 1801 536 1884 Innocentius
573 1827 671 1909 papa
702 1803 861 1883 mandat
895 1811 937 1883 ut
970 1799 1071 1884 bona
1097 1798 1272 1883 omnium
1305 1797 1551 1881 Jauuensium
1582 1799 1650 1908 qui
1743 1861 1755 1892 ,

238 1931 430 2016 Friderioo
463 1934 659 2042 quondam
695 1933 911 2041 imperatori
941 1933 1126 2014 auxilium
1152 1930 1211 2014 vel
1240 1931 1408 2013 favorem
1435 1941 1647 2039 praestant,

237 2064 498 2172 publicentur,
525 2065 645 2174 ipsius
671 2066 885 2149 communis
911 2066 1054 2148 lanuae
1080 2064 1214 2147 usibus
1240 2063 1487 2172 applicanda,
1506 2065 1648 2146 eisdem

237 2207 321 2279 tam
338 2198 387 2280 de
402 2198 524 2280 lanua
541 2223 660 2308 mam
678 2198 727 2280 de
744 2197 829 2280 oliis
853 2198 1039 2281 societatis
1060 2195 1309 2281 lombardiae
1327 2195 1539 2278 civitatibus
1557 2222 1649 2305 per-

237 2339 357 2436 petuo
380 2329 620 2412 forbannitis.

324 2535 448 2611 (lnedlt.
463 2553 501 2596 ex
514 2535 581 2596 cod.
597 2535 706 2597 eruar.
722 2539 752 2596 ln
766 2535 844 2597 Blbl.
859 2535 931 2598 Brlt.
950 2537 1077 2614 Musaei,
1092 2545 1124 2595 n⁰
1139 2543 1247 2608 ttott,
1263 2535 1314 2595 tol.
1333 2543 1405 2610 168,
1422 2541 1514 2595 recto·
1525 2535 1635 2612 verso.)

286 2713 512 2786 Innocentius
537 2713 736 2807 episcopus,
759 2735 881 2784 servus
904 2735 1082 2785 servorum
1106 2715 1186 2802 Dei,
1211 2711 1346 2783 dilectis
1367 2710 1445 2783 filiis
1467 2713 1648 2806 potestati,

237 2836 385 2909 consilio
407 2846 443 2907 et
464 2836 639 2908 communi
656 2839 765 2910 lanua
786 2837 932 2908 salutem
956 2847 991 2908 et
1010 2837 1234 2932 apostolicam
1257 2835 1548 2907 benedictionem.
1566 2837 1649 2908 Cum

237 2961 426 3053 diligenter
441 2959 653 3032 attendimus
669 2971 704 3032 et
717 2960 850 3032 solicite
865 2960 1074 3032 meditamur
1087 2969 1172 3052 quot
1186 2968 1222 3031 et
1234 2961 1356 3053 quales
1371 2959 1472 3030 nobis
1490 2968 1589 3054 paret
1601 2961 1652 3030 in·

236 3083 746 3176 sidiasFredericusquondam
757 3085 957 3179 imperator,
971 3084 1123 3156 Ecclesie
1141 3093 1354 3178 persecutor,
1364 3082 1535 3176 quibusve
1553 3084 1650 3176 inge·

236 3206 305 3278 niis
320 3206 394 3278 sive
408 3206 514 3278 modo
530 3205 673 3279 fallaciis
686 3218 722 3278 et
735 3207 975 3279 dolositatibus
990 3205 1112 3279 fideles
1125 3207 1277 3279 Ecclesia
1290 3207 1426 3277 trabere
1442 3207 1487 3278 ad
1501 3228 1539 3278 sc
1551 3208 1648 3296 velit,

236 3339 279 3402 ut
294 3351 357 3402 eos
375 3330 534 3404 mordeat
551 3330 763 3402 amarissime
781 3339 817 3402 et
831 3331 937 3424 impie
953 3331 1067 3403 tradat
1080 3331 1195 3421 morti,
1207 3331 1412 3424 expediens,
1423 3329 1494 3403 imo
1511 3340 1652 3426 propter

237 3453 400 3526 instantis
418 3454 585 3526 malitiam
602 3455 767 3549 temporis
780 3455 1012 3527 necessarium
1026 3455 1235 3526 arbitramur
1248 3466 1286 3526 ut
1298 3456 1436 3527 illorum
1453 3455 1652 3528 temeritatis

237 3577 457 3672 presumptio
474 3577 535 3670 qui
555 3577 592 3649 in
609 3577 718 3673 ipsius
736 3587 889 3650 vestrum
910 3579 1114 3671 sanguinem
1135 3578 1281 3650 sitientis
1301 3578 1469 3650 auxilium
1490 3579 1651 3674 privatim

237 3701 294 3770 vel
319 3700 457 3792 publice
473 3721 511 3772 se
528 3710 753 3792 convertunt,
782 3701 888 3792 digno
908 3702 1096 3793 castigetur
1122 3702 1268 3773 verbere
1289 3722 1330 3772 ac
1352 3723 1443 3795 pena
1464 3702 1580 3774 debita
1599 3704 1650 3774 le-

238 3822 364 3894 riatur.
393 3823 477 3894 Cum
509 3821 614 3916 igitur
641 3823 733 3896 circa
762 3834 889 3896 statum
914 3834 1066 3897 vostrum
1090 3835 1126 3896 et
1147 3824 1301 3897 omnium
1324 3824 1470 3896 aliorum
1499 3825 1652 3898 Ecclesia

239 3945 450 4018 devotomm
465 3947 502 4018 in
517 3968 684 4043 prospera
699 3948 936 4040 dirigendum,
960 3948 1050 4022 sicut
1068 3970 1133 4020 nos
1153 3949 1302 4020 duxistis
1324 3947 1512 4040 aliquando
1535 3950 1655 4041 requi.

238 4068 391 4158 rendos,
408 4069 576 4142 hacteuus
598 4071 849 4144 intenderimus
878 4082 951 4145 toto
978 4094 1079 4167 posse
1101 4082 1242 4165 totoque
1269 4072 1409 4163 ingenio
1437 4071 1648 4163 insistamus,

237 4212 323 4262 cnm
345 4192 432 4264 nibil
455 4193 603 4288 amplius
627 4194 807 4288 cupiamus
829 4195 875 4268 ad
900 4217 1042 4290 presens
1067 4217 1172 4288 quam
1194 4195 1289 4290 quod
1313 4195 1452 4287 negotio
1476 4197 1652 4268 communi

240 4315 339 4408 quod
354 4316 469 4408 agitur
484 4317 659 4411 proiectus
679 4318 849 4391 accedant
868 4319 1023 4414 prosperi
1039 4329 1074 4391 et
1088 4320 1205 4391 felices
1221 4319 1410 4392 succedant
1429 4329 1594 4409 eventus,
1609 4343 1652 4393 ac

239 4438 278 4510 id
288 4459 512 4533 nequaquam
521 4442 636 4512 valeat
652 4443 836 4535 provenire
847 4443 960 4536 sitque
974 4444 1073 4515 labor
1085 4454 1203 4515 noster
1215 4442 1346 4515 inutilis
1358 4443 1387 4512 si
1398 4443 1577 4536 contingat
1587 4465 1652 4518 nos

238 4559 278 4632 in
299 4563 511 4635 contrarium
533 4564 710 4654 laborare,
732 4566 893 4637 volumus
913 4576 949 4639 et
972 4587 1034 4662 per
1054 4567 1241 4661 apostolica
1268 4566 1395 4661 scripta
1416 4566 1515 4639 vobis
1537 4570 1650 4663 preci·

241 4686 373 4782 piendo
388 4686 594 4759 mandamus
613 4697 785 4779 quatenus
804 4689 964 4762 submoto
983 4690 1169 4781 cujuslibet
1187 4690 1362 4763 dilationis
1385 4698 1422 4760 at
1441 4689 1651 4764 difficultatis
