4300 5916
242 631 344 692 nutet.
363 631 426 710 rs]
687 633 883 696 rnsrontt
907 636 1204 700 nrrnotrtrtca
1589 630 1650 694 833

291 769 455 841 Introitur
472 792 483 836 .·
881 831 886 838 .

290 892 433 988 Recepit
454 892 548 964 idem
570 891 769 966 Gerbardus
789 894 826 964 in
846 895 996 968 denariis
1014 895 1059 966 de
1080 894 1273 968 redditibus
1296 893 1409 967 XXIX
1430 914 1564 966 mareas
1584 892 1646 964 sso-

242 1037 329 1090 reuo
347 1014 403 1113 (t)
421 1017 548 1089 minus.

290 1139 379 1212 Item
395 1139 526 1235 recepit
541 1139 586 1213 de
601 1140 720 1213 Iudeis
735 1143 765 1212 V
781 1163 927 1214 mareas.

290 1265 377 1336 Item
392 1264 437 1336 de
453 1284 564 1336 uxore
585 1265 749 1360 prepositi
764 1266 826 1338 XV
839 1286 986 1338 marcas.

291 1387 377 1460 Item
390 1388 428 1458 in
444 1389 601 1483 precene
616 1389 643 1460 L
658 1409 805 1460 mareas.

290 1512 376 1584 Item
392 1512 437 1583 de
453 1511 570 1584 Iudeis
584 1512 648 1583 XV
661 1533 808 1584 mareas.

291 1637 378 1709 Item
394 1636 430 1707 in
446 1634 687 1709 exactionibus
709 1635 806 1707 saetis
819 1635 855 1706 in
869 1635 987 1708 hostes
1003 1637 1140 1732 imperii
1156 1637 1210 1711 CV
1225 1657 1371 1708 marcas.

290 1759 376 1832 Item
391 1761 428 1832 in
444 1781 583 1832 annena
602 1761 637 1830 in
658 1760 793 1852 siligine
812 1761 981 1833 XXXVIII
997 1762 1132 1833 maldra
1152 1771 1188 1832 et
1203 1760 1384 1834 dimidium
1411 1769 1446 1832 et
1471 1760 1507 1830 in
1535 1780 1647 1831 avena

241 1882 384 1956 XXXIII
400 1883 535 1955 maldra
551 1893 586 1955 et
601 1882 797 1972 dimidium,
813 1903 882 1976 que
896 1883 1054 1957 vendidit
1066 1905 1130 1979 pro
1144 1885 1191 1955 IX
1204 1879 1354 1980 [mareis]
1370 1883 1483 1954 miuus
1496 1883 1644 1954 fertone.

289 2007 378 2078 Item
393 2005 524 2100 recepit
546 2006 582 2077 in
604 2006 687 2077 vino
702 2005 779 2078 XVI
801 2015 952 2078 carratas
969 2028 1056 2100 quas
1075 2007 1263 2100 assignavit
1286 2006 1367 2079 duci
1385 1982 1582 2078 Brabantie.
1598 2046 1646 2060 —

243 2129 385 2201 Summa
400 2129 556 2225 percepti
571 2129 620 2203 ct:
637 2151 771 2220 maroe,
788 2130 911 2203 XXVII
929 2150 1044 2202 marce
1059 2140 1094 2202 et
1107 2128 1281 2225 dimidia(
1305 2127 1334 2228 ).

289 2253 439 2325 Emittta:

289 2377 473 2449 Inventum
492 2377 598 2449 estin
617 2377 768 2472 apodixa
789 2398 851 2448 sua
867 2377 963 2471 qued
980 2400 1044 2450 nos
1069 2379 1237 2450 debemus
1262 2378 1375 2451 eidem
1399 2377 1578 2452 Gerbarde
1602 2376 1646 2448 de

242 2501 399 2595 proxima
413 2501 670 2595 computatione
688 2522 750 2572 sua
763 2501 899 2572 XXVIII
912 2522 1046 2572 marcas
1060 2512 1095 2573 et
1110 2502 1183 2573 VIII
1201 2501 1329 2573 solidos
1347 2501 1579 2573 colonienses.

289 2624 463 2695 Debemus
478 2624 570 2696 etde
587 2624 708 2695 militia
725 2647 787 2696 sua
801 2645 870 2716 qua
885 2635 937 2695 est
950 2625 1125 2696 accinctus
1142 2625 1207 2696 XX
1223 2645 1368 2696 marcas.

290 2748 376 2819 Item
392 2747 489 2819 dedit
503 2746 651 2819 Iohanni
665 2749 761 2819 Bono
776 2748 819 2820 de
834 2748 939 2821 sendo
952 2750 1089 2822 CasteIIi
1105 2749 1178 2821 VIII
1192 2770 1338 2820 marcas.

290 2872 376 2942 Item
392 2870 594 2944 Everbardo
608 2871 652 2944 de
667 2871 833 2966 Menderp
847 2872 891 2943 de
907 2872 1009 2944 feodo
1024 2871 1162 2944 Castelli
1174 2873 1218 2945 VI
1230 2893 1376 2944 marcas.

291 2996 376 3067 Item
390 3017 454 3091 pro
471 2997 574 3068 blidis
588 2997 755 3068 faciendis
767 2997 874 3068 XVIII
891 3017 1037 3068 mareas.

208 3173 216 3188 .
289 3120 374 3191 Item
389 3119 424 3190 in
441 3142 595 3214 expensa
612 3132 728 3192 nostra
744 3120 879 3192 Sinsieh
892 3121 980 3191 LXII
996 3141 1147 3209 mareas,
1162 3120 1272 3191 XXVI
1292 3119 1464 3192 denarios.
1548 3175 1550 3180 .

290 3243 374 3315 Item
393 3243 429 3313 in
452 3265 603 3338 expensa
621 3245 768 3315 militum
787 3255 865 3338 post
885 3265 948 3316 nos
974 3243 1188 3316 venientium
1206 3242 1252 3315 ad
1270 3251 1424 3315 nostram
1450 3241 1645 3337 expeditio·

240 3387 321 3439 nem
336 3367 462 3439 XXXII
478 3388 625 3457 marcas,
644 3368 777 3440 fertone
795 3369 921 3439 minus.

289 3492 374 3562 Item
390 3491 487 3564 dedit
501 3491 546 3564 ad
565 3513 755 3586 expensam
770 3493 890 3564 messis
906 3501 941 3564 et
960 3491 1118 3563 autumni
1134 3492 1177 3564 VI
1193 3511 1325 3561 mareas
1344 3489 1546 3561 solidorum.

290 3615 375 3687 Item
394 3615 440 3686 ad
457 3625 613 3687 nostrum
632 3616 810 3687 servitium
830 3615 940 3688 tribus
957 3615 1123 3686 militibus
1140 3635 1203 3708 pro
1221 3613 1406 3686 dextrariis
1420 3614 1479 3686 LX
1497 3634 1643 3685 marcas.

289 3739 373 3810 Item
389 3739 526 3811 dnobus
544 3739 723 3833 armigeris
737 3761 800 3834 pro
821 3739 919 3834 equis
938 3759 1026 3832 quos
1050 3737 1275 3833 perdiderant
1299 3738 1336 3809 in
1360 3759 1479 3833 pugna
1498 3738 1545 3810 ad
1567 3759 1648 3810 nos-

243 3873 333 3934 trum
349 3863 547 3954 servitium,
568 3863 644 3935 XVI
661 3884 806 3935 mareas.

288 3986 375 4058 Item
392 4007 455 4080 pre
470 3987 579 4058 tribus
595 3987 694 4079 equis
707 3987 745 4057 in
759 3987 922 4058 exuti0ne
940 3982 987 4080 (b)
1004 3985 1085 4056 ville
1096 3984 1248 4056 Arwilre
1262 3984 1405 4078 perditis
1419 3984 1481 4056 XV
1496 4003 1645 4055 mareas.

288 4109 372 4182 Item
389 4109 573 4182 baIIstariis
587 4132 652 4182 sex
665 4131 727 4206 per
744 4121 814 4182 tres
827 4131 965 4181 menses
978 4108 1129 4180 detentis
1144 4107 1250 4180 XVIII
1265 4129 1411 4180 marcas.

288 4234 373 4307 Item
390 4234 426 4305 iu
441 4255 595 4331 expensa
609 4245 726 4307 nostra
741 4235 834 4328 apud
849 4234 1023 4306 Treverim
1039 4234 1111 4305 VIII
1125 4232 1231 4304 libras
1245 4233 1485 4305 Treverenses.

287 4357 373 4429 Item
389 4358 425 4428 in
442 4378 596 4452 expensa
609 4357 719 4449 Aquis
730 4357 775 4428 III
791 4378 937 4430 mareas.

290 4480 375 4552 Item
392 4478 428 4551 in
446 4501 600 4576 expensa
613 4501 676 4553 sua
689 4480 828 4553 Colonie
831 4533 1002 4553 .....
1018 4528 1020 4532 -
1033 4530 1247 4551 ......

282 4633 324 4715 (a)
346 4635 383 4696 In
396 4638 538 4713 impresso
551 4634 621 4712 dua,
637 4637 724 4699 mate.

283 4737 324 4822 (t)
345 4742 412 4820 SIe;
429 4744 632 4804 verosImIIIter
646 4743 804 4804 tenattem.
