4318 5904
815 505 1127 571 aberrantum.
1614 505 1672 568 921

266 646 408 720 nomine
424 643 623 740 supradicto
640 665 823 717 commune
842 645 1035 740 predictum
1053 651 1203 732 tenetur,
1225 651 1266 711 ut
1276 641 1410 732 justum
1422 651 1493 732 est,
1510 645 1678 716 exolvunt

267 770 417 861 eisdem,
444 770 502 840 vel
525 768 562 840 in
587 790 722 840 summa
745 769 852 864 ipsius
874 768 1039 863 pecunie,
1057 787 1162 860 quam
1187 765 1366 837 aunuatim
1391 765 1437 836 ab
1465 765 1547 859 ipsis
1572 788 1674 840 occa·

267 895 365 967 sione
386 891 578 966 exactionis
601 892 801 985 requirunt,
829 891 981 965 debeant
1001 911 1238 986 compensare.
1251 888 1332 960 ¹Tibi
1358 910 1442 963 vero
1468 889 1676 963 mandamus

267 1017 445 1112 quatinus,
471 1015 501 1090 si
525 1016 692 1111 premissa
714 1018 818 1109 juxta
832 1014 1035 1088 mandatum
1048 1025 1207 1088 nostrum
1220 1012 1411 1107 adimplere
1427 1013 1668 1105 neglexerint,

268 1156 306 1218 tu
322 1145 414 1239 ipsos
430 1142 476 1214 ad
493 1162 536 1214 ea
549 1141 756 1237 complenda
770 1140 956 1212 efficaciter
970 1161 1113 1213 moneas
1127 1149 1163 1212 et
1179 1138 1341 1230 inducas,
1365 1148 1401 1210 et
1414 1139 1443 1210 si
1457 1139 1670 1233 expedierit,

266 1289 337 1363 qua
350 1265 513 1339 convenit
525 1265 738 1338 districtione
755 1265 955 1360 compellas.

314 1393 442 1464 Datum
458 1389 644 1480 Cremone,
658 1390 702 1462 Ψ
716 1389 840 1479 madii,
856 1389 898 1461 V‘
911 1386 1121 1459 indictionis.

481 1705 1455 1718 ”umam-W*-

221 1953 223 1956 ⁵
320 1975 547 2082 Fridericus,
562 1976 823 2059 Romanorum
841 1976 1061 2085 imperator,
1080 1974 1278 2058 Vatacium
1298 1975 1526 2058 Graecorum
1545 1974 1667 2084 impe-
1712 1995 1781 2047 ιιιιο
1791 1994 1863 2052 mm

266 2119 432 2190 retorem
466 2107 600 2196 uenter
635 2106 813 2219 objurgat
844 2109 949 2217 quod
980 2133 1003 2190 a
1034 2107 1184 2190 foedere
1219 2107 1430 2190 dilectionis
1467 2118 1670 2190 consuetae

264 2238 457 2346 deiecerit,
477 2267 636 2324 monens
655 2251 697 2324 ut
714 2268 782 2350 per
806 2241 958 2324 semitas
979 2238 1095 2351 hujus
1118 2239 1257 2322 erroris
1282 2240 1447 2348 amplius
1473 2239 1670 2325 ambulare

264 2372 449 2456 dediscat.

347 2586 470 2666 (lncdlt.
481 2603 520 2649 ax
530 2587 598 2650 eod.
610 2587 686 2649 Blbl.
697 2589 795 2650 Cesar.
808 2587 937 2652 vindob.
952 2585 1118 2669 Philolcpae
1130 2587 1220 2666 dicto,
1235 2596 1268 2647 n·
1281 2585 1478 2661 805,iol.102
1493 2604 1590 2666 verso,
1600 2590 1668 2666 qul-

384 2693 508 2754 busdam
522 2694 695 2755 mendarum
708 2694 815 2772 qulbus
827 2699 919 2755 scatet
932 2693 971 2754 ad
983 2695 1133 2754 mellonem
1147 2709 1265 2754 sonsum
1280 2688 1430 2770 redactis.)

313 2879 533 2971 Fredericus,
553 2891 643 2973 etc,
661 2879 815 2953 Battacio
831 2879 971 2970 Grecie,
988 2888 1055 2951 etc.
1073 2878 1202 2950 Exilia
1218 2877 1393 2950 fidelitatis
1408 2879 1528 2970 regula
1544 2900 1612 2971 que
1622 2878 1668 2950 de

264 3003 450 3076 Grecomm
467 3005 600 3076 actibus
611 3005 717 3096 vulgo
731 3003 958 3098 depromitur,
976 3012 1016 3075 ut
1036 3003 1186 3075 tunicam
1200 3002 1324 3074 induas
1338 3002 1511 3091 veritatis,
1530 3013 1668 3074 tuorum

263 3128 477 3200 munimenta
501 3149 727 3224 processuum
749 3135 992 3219 argumentum
1014 3135 1084 3197 tam
1111 3126 1237 3198 efficax
1260 3126 1492 3221 prebuerunt,
1517 3127 1601 3198 dum
1622 3127 1668 3199 de

263 3252 450 3324 Grecorum
467 3253 573 3348 stirpe
594 3252 815 3348 progenitus,
840 3273 885 3322 ue
901 3251 1097 3344 specialiter
1117 3259 1237 3345 pereat
1251 3251 1347 3344 quod
1366 3251 1575 3341 generaliter
1589 3273 1668 3346 pre·

262 3373 411 3465 dicatur,
422 3374 617 3447 dilectionis
627 3376 728 3448 ledus
741 3374 837 3468 quod
852 3375 980 3446 cumin
995 3373 1157 3445 instantia
1172 3373 1285 3446 fratris
1297 3373 1469 3467 inhereat,
1481 3376 1668 3448 sinecausa

262 3487 459 3571 rationabili
489 3499 646 3590 violans,
678 3499 839 3570 roborate
868 3496 949 3570 fidei
981 3498 1205 3594 mysterium,
1239 3498 1335 3591 quod
1361 3499 1452 3570 inter
1481 3509 1669 3594 utrumque

261 3622 387 3695 caritas
411 3621 663 3694 communicata
686 3622 932 3713 conjunxerat,
962 3620 1102 3693 variasti
1123 3619 1188 3718 (l).
1218 3622 1340 3707 Qualia
1366 3644 1448 3715 ergo
1472 3623 1666 3697 dilectionis

259 3746 388 3818 indicia
410 3746 456 3819 de
483 3756 517 3818 ts
546 3755 660 3818 sumet
686 3755 891 3835 extraneus,
916 3745 1012 3841 quod
1033 3746 1223 3817 amicorum
1248 3745 1382 3841 puritas
1404 3744 1531 3818 fiducie
1554 3755 1668 3818 sumat

296 4051 332 4124 (l)
350 4051 390 4108 De
401 4057 521 4125 tempore
532 4068 587 4125 quo
599 4052 666 4110 baec
679 4051 760 4110 scribi
769 4053 885 4127 potuerit
895 4052 1018 4126 epistola,
1031 4068 1083 4109 nou
1095 4053 1165 4110 bene
1175 4057 1290 4110 constat.
1302 4051 1379 4109 Anno
1388 4053 1467 4125 lbl'l,
1476 4069 1570 4110 mense
1578 4053 1663 4128 junio,

264 4149 436 4206 Innocentius
451 4165 521 4223 papa
536 4151 563 4205 iu
577 4148 715 4207 Orientem
732 4150 842 4207 lratrsm
854 4150 1024 4206 laurentium
1044 4151 1276 4224 poenitentiarium
1290 4164 1369 4205 suum
1383 4150 1466 4218 misit,
1486 4151 1532 4224 qui
1547 4151 1666 4210 Graecos

260 4246 288 4302 in
311 4246 441 4302 unitatem
455 4245 590 4303 Ecclesiae
608 4249 758 4304 reduceret.
780 4246 885 4304 videsis
898 4248 1050 4319 auruum,
1073 4247 1171 4304 local.
1185 4247 1286 4304 Eccita.
1302 4246 1413 4303 adanu.
1429 4249 1509 4320 llll,
1525 4248 1664 4322 ffiffl,

262 4340 357 4398 XXXI
377 4347 406 4397 et
421 4357 499 4416 seqq.
514 4343 647 4400 Friderico
663 4351 753 4400 aulem
771 4344 798 4400 id
815 4343 894 4401 valde
912 4343 1079 4417 displicuisse
1100 4344 1167 4401 satis
1187 4351 1354 4416 compertum
1372 4342 1505 4402 babemus
1526 4361 1559 4402 ex
1579 4346 1666 4404 altera

259 4438 380 4511 ejusdem
390 4439 426 4495 ad
437 4439 577 4496 Vatusium
589 4440 703 4514 epistola
720 4457 791 4513 quae
804 4457 895 4513 supra,
909 4457 938 4514 p.
952 4442 1016 4498 775.
1030 4442 1135 4498 Nomen
1148 4456 1213 4498 voro
1230 4439 1319 4497 fratris
1332 4454 1386 4512 quo
1400 4439 1567 4514 frequentius
1580 4443 1666 4500 Vata-

259 4537 331 4592 cium
346 4550 419 4592 nuuc
430 4535 584 4608 alloquitur,
598 4537 661 4594 huic
675 4539 790 4612 tempori
805 4538 893 4612 potius
905 4538 1049 4597 convenire
1062 4539 1170 4595 videtur
1180 4553 1234 4610 quo
1245 4536 1668 4598 matrimoniumValaciumiuter

258 4638 287 4690 at
298 4631 427 4690 Friderici
436 4632 518 4692 filiam
532 4635 651 4694 noudum
665 4635 753 4694 luerat
764 4635 940 4695 celebratum.
