4310 5908
245 584 345 646 lantum
361 582 408 665 9.]
686 579 884 642 HISTORIA
908 580 1205 646 lttl’tollll‘llclt.
1593 585 1654 649 toa

246 720 333 793 dens
343 717 442 812 quod
452 725 598 790 vocatur·
611 715 808 809 Cingulum,
820 717 881 789 nbi
891 719 1076 792 cardinalis
1088 722 1209 793 Petrus
1220 718 1387 814 Capocins
1401 718 1604 812 intraverat,
1616 731 1654 794 et

244 845 281 918 vi
298 863 507 939 expugnans
526 841 620 914 idem
643 851 794 913 castrum
815 843 966 939 accepit3
987 844 1082 917 undo
1099 845 1239 916 invente
1260 852 1363 917 nocto
1383 843 1568 915 cardinalis
1586 845 1652 918 isto

245 967 590 1064 velutpauparculus
605 964 809 1038 mendicans
821 987 945 1040 manns
961 989 1082 1040 eorum
1098 969 1229 1063 effugit.
1244 970 1329 1040 Tota
1344 967 1463 1062 itaque
1477 968 1649 1062 Mouchis,

244 1095 397 1166 Ducatns
417 1099 454 1165 ct
467 1090 669 1165 Romaniola
685 1090 731 1162 ad
747 1090 951 1164 mandatum
969 1093 1158 1185 majestatis
1173 1101 1312 1165 nostrae
1335 1112 1372 1163 se
1388 1103 1648 1166 converterunt.

244 1218 341 1292 Circe
363 1225 481 1289 autem
503 1225 640 1311 tempus
663 1215 756 1288 idem
783 1236 854 1308 quo
876 1215 985 1288 nostri
1006 1216 1188 1291 victoriam
1213 1225 1452 1312 reportarunt,
1483 1217 1651 1290 serenitas

244 1351 363 1415 nostra
375 1339 557 1414 mandavit
573 1349 745 1434 qnatenus
758 1360 880 1412 omnes
896 1341 942 1413 ad
955 1340 1260 1438 depopulationem
1276 1340 1513 1414 Parmensium
1528 1362 1651 1437 proce·

245 1464 382 1556 dorent,
399 1473 441 1536 ut
458 1485 580 1536 eornm
597 1465 728 1536 elatum
748 1465 971 1559 supercilium
985 1475 1020 1538 et
1033 1466 1244 1561 pertinacem
1259 1464 1456 1560 superbiam
1471 1464 1518 1537 ad
1533 1473 1650 1537 extre·

245 1611 338 1663 mam
360 1588 599 1662 confusionem
621 1589 841 1662 reducerent.
862 1589 949 1663 lndo
974 1611 1053 1662 oum
1074 1590 1224 1686 predicti
1250 1587 1370 1661 fideles
1387 1588 1497 1661 nostri
1521 1588 1649 1662 flumen

244 1715 323 1786 Tari
337 1713 553 1786 transiissent
570 1723 606 1785 et
617 1713 721 1804 juxta
738 1714 897 1784 Parmam
914 1735 976 1785 sna
996 1714 1143 1785 tentoria
1156 1734 1286 1809 ponere
1305 1712 1547 1807 disponerent,
1567 1715 1649 1785 Par·

243 1859 382 1910 menses
405 1838 601 1929 arrogantia
620 1836 729 1909 inflati
749 1848 784 1909 et
799 1838 898 1931 qnasi
912 1836 1126 1910 infidelitatis
1145 1847 1180 1908 et
1192 1837 1378 1929 jactantiae
1397 1837 1517 1932 spiritu
1539 1860 1650 1932 usquo

243 1961 289 2034 ad
309 1961 545 2034 inordinatum
568 1961 737 2056 impetum
760 1961 995 2056 prosilientes,
1014 1983 1153 2033 currum
1173 1984 1274 2034 suum
1285 1982 1389 2056 quem
1405 1960 1518 2032 italice
1532 1982 1648 2034 carro·

243 2085 336 2159 cium
350 2093 478 2158 vocant
493 2107 574 2157 cum
591 2085 685 2157 omni
704 2085 827 2156 militia
840 2087 982 2157 Parmae
995 2085 1208 2177 eduxerunt,
1226 2094 1262 2157 ct
1278 2094 1399 2157 contra
1416 2084 1647 2158 felicissimum

244 2210 601 2282 exercitnmnostrum
615 2208 776 2281 ferociter
789 2215 825 2280 et
839 2209 930 2281 malo
942 2207 1096 2304 auspicio
1110 2217 1372 2284 concurrerunt.
1383 2209 1518 2281 Fideles
1534 2218 1649 2283 tamen

243 2334 352 2408 nostri
374 2333 411 2406 in
433 2333 589 2429 potentia
603 2332 727 2406 Christi
752 2334 890 2406 Domini
911 2334 1020 2405 nostri
1043 2334 1103 2429 qui
1125 2342 1280 2406 nostram
1300 2334 1517 2426 majestatem
1535 2345 1651 2408 tuetur

243 2457 365 2530 contisi
382 2467 417 2528 et
432 2457 578 2528 ferventi
597 2466 736 2529 nostrae
750 2455 831 2528 fidei
846 2458 921 2528 zelo
936 2457 1087 2547 solidati,
1103 2457 1149 2529 ad
1165 2456 1379 2551 imperialem
1397 2457 1650 2554 militaremque

243 2581 386 2655 modum
404 2591 534 2652 turmas
549 2589 585 2651 et
598 2579 759 2652 cohortes
773 2602 853 2652 suas
866 2580 1080 2670 ordinantes,
1096 2581 1319 2673 animumque
1332 2603 1380 2652 ex
1392 2581 1463 2653 alto
1475 2594 1650 2656 sumentes

244 2705 327 2779 dum
337 2726 402 2801 pro
413 2705 546 2797 justitia
556 2702 669 2776 etlide
685 2705 874 2798 majestatis
887 2714 1027 2777 nostrae
1044 2715 1163 2776 contra
1180 2705 1317 2801 iniquos
1330 2715 1364 2776 et
1379 2704 1537 2777 infideles
1552 2707 1651 2778 dimi-

243 2839 384 2922 carent,
410 2829 533 2902 erectis
554 2827 821 2924 triumphalibus
847 2839 882 2900 et
904 2829 1104 2901 victricibus
1128 2830 1235 2922 signis
1254 2829 1443 2921 majestatis
1457 2839 1596 2902 nostrae
1614 2841 1649 2903 et

243 2957 356 3027 lausto
365 2953 516 3025 nominis
525 2953 636 3024 nostrl
651 2953 831 3049 praesagio
849 2953 1024 3042 invocato,
1041 2964 1161 3026 contra
1178 2951 1302 3025 infidos
1316 2951 1377 3025 lidi
1393 2953 1483 3025 bene
1499 2954 1648 3026 ordinati

244 3088 280 3152 et
305 3078 453 3150 animosi
478 3086 733 3173 processerunt.
761 3078 894 3151 Praelio
917 3087 1034 3149 autern
1055 3065 1230 3172 incoepto,
1255 3086 1439 3172 postquam
1455 3079 1649 3173 perplures

242 3202 347 3276 boras
363 3202 508 3275 viriliter
524 3210 559 3273 et
576 3201 712 3273 fortiter
725 3202 829 3273 luerit
844 3202 1007 3294 utrinque
1023 3211 1237 3297 pugnaturn,
1255 3201 1426 3273 sustinere
1441 3223 1511 3273 non
1528 3203 1647 3274 valen·

244 3338 294 3402 tes
311 3327 441 3400 inimici
464 3347 588 3420 graves
614 3325 772 3398 incursus
789 3338 824 3398 et
838 3326 982 3400 bellicas
999 3335 1093 3398 artes
1109 3335 1307 3397 nostrorum
1326 3325 1474 3396 militum
1490 3325 1647 3398 lethalia·
1752 3296 1756 3314 ¹

243 3474 312 3547 qne
326 3453 475 3525 vulnera
498 3460 532 3523 et
554 3450 723 3523 terribiles
742 3472 862 3524 eorum
879 3452 1019 3546 plagas,
1040 3451 1076 3521 in
1101 3452 1219 3543 lugam
1242 3449 1378 3521 attoniti
1395 3471 1432 3521 se
1451 3461 1644 3522 verterunt.

242 3575 438 3650 Carrocium
454 3584 569 3646 autom
587 3597 688 3646 suum
705 3574 908 3646 necessitate
925 3583 1071 3666 cogente
1085 3574 1338 3667 relinquentes,
1355 3594 1454 3644 suam
1468 3575 1650 3668 unusquis·

241 3716 308 3788 que
338 3697 486 3767 salntem
512 3695 709 3789 anteposuit
733 3704 769 3765 el
789 3703 998 3789 perpetuum
1020 3693 1163 3764 exilium
1182 3693 1247 3764 sibi
1268 3695 1443 3764 fortunam
1459 3694 1646 3789 reputavit.

242 3814 389 3887 Proinde
402 3813 480 3908 quis
493 3832 634 3884 narrare
648 3821 765 3907 posset
777 3812 1034 3884 multitudinem
1049 3811 1286 3884 Parmensium
1296 3811 1426 3883 ibidem
1442 3813 1647 3904 occisorum,

242 3938 503 4010 vulneratorum
535 3957 719 4007 numerum
746 3945 781 4008 et
813 3955 932 4008 eorum
962 3936 1191 4029 quantitatem
1219 3956 1307 4030 quos
1334 3935 1582 4007 Cremonenses
1604 3957 1647 4008 ex

242 4061 370 4135 furioso
386 4060 482 4156 quod
496 4061 532 4131 in
547 4060 624 4133 illos
639 4060 817 4132 habebant
832 4059 936 4152 odio,
953 4061 989 4131 in
1006 4063 1114 4132 lrusta
1133 4059 1372 4131 trucidarunt?
1387 4059 1512 4132 lllortui
1533 4068 1648 4131 tamen

242 4187 276 4256 in
292 4207 435 4281 campo,
455 4194 541 4278 quot
554 4185 730 4256 numerari
746 4195 954 4278 potuerunt,
975 4185 1110 4255 omissis
1125 4183 1242 4255 multis
1261 4183 1296 4253 in
1315 4182 1422 4254 lluvio
1440 4183 1647 4271 submersis,

242 4310 286 4382 ad
301 4309 372 4382 dno
386 4310 494 4381 millia
511 4319 546 4380 et
561 4310 652 4380 ultra
668 4309 799 4381 inventi
817 4319 910 4379 sunt.
930 4309 1108 4402 Praecipui
1127 4330 1212 4380 vcro
1224 4329 1312 4401 quos
1326 4307 1361 4378 in
1378 4307 1445 4380 hoe
1461 4307 1649 4379 infortunio

242 4431 340 4505 vivos
360 4439 529 4528 ceperunt
551 4441 586 4502 ct
604 4441 724 4504 nostro
745 4442 967 4503 reservarunt
986 4431 1117 4504 carceri
1137 4431 1406 4526 mancipandos,
1428 4432 1475 4504 ad
1495 4431 1588 4504 millo
1615 4443 1651 4503 et

243 4556 470 4630 ducentorum
493 4576 677 4628 numerum
700 4555 904 4628 ascendunt.
925 4555 969 4627 Et
989 4554 1023 4626 in
1041 4555 1193 4628 breviori
1208 4566 1363 4650 tempore
1382 4579 1487 4652 quam
1510 4566 1550 4629 ut
1565 4555 1651 4628 haec

243 4680 358 4753 omnia
374 4680 622 4770 scriberentur,
641 4680 745 4773 legati
763 4680 987 4775 superstitum
1008 4681 1190 4752 rebellium
1204 4680 1357 4754 Ducatus
1373 4690 1409 4752 et
1427 4681 1651 4754 Romaniolue
