<?xml version="1.0" encoding="UTF-8"?>
<!DOCTYPE html PUBLIC "-//W3C//DTD XHTML 1.0 Transitional//EN"
    "http://www.w3.org/TR/xhtml1/DTD/xhtml1-transitional.dtd">
<html xmlns="http://www.w3.org/1999/xhtml" xml:lang="en" lang="en">
 <head>
  <title>
</title>
<meta http-equiv="Content-Type" content="text/html;charset=utf-8" />
  <meta name='ocr-system' content='tesseract 3.04.00' />
  <meta name='ocr-capabilities' content='ocr_page ocr_carea ocr_par ocr_line ocrx_word'/>
</head>
<body>
  <div class='ocr_page' id='page_1' title='image "./historiadiploma00fredgoog/historiadiploma00fredgoog_0100.png"; bbox 0 0 4306 5914; ppageno 0'>
   <div class='ocr_carea' id='block_1_1' title="bbox 231 599 1642 687">
    <p class='ocr_par' dir='ltr' id='par_1_1' title="bbox 231 599 1642 687">
     <span class='ocr_line' id='line_1_1' title="bbox 231 599 1642 687; baseline 0 -17"><span class='ocrx_word' id='word_1_1' title='bbox 231 613 331 670; x_wconf 74' lang='lat' dir='ltr'><strong>lrnrm.</strong></span> <span class='ocrx_word' id='word_1_2' title='bbox 346 608 394 687; x_wconf 83' lang='grc'><strong>6.]</strong></span> <span class='ocrx_word' id='word_1_3' title='bbox 681 599 878 670; x_wconf 75' lang='lat' dir='ltr'>HISTORIA</span> <span class='ocrx_word' id='word_1_4' title='bbox 903 605 1197 668; x_wconf 70' lang='lat' dir='ltr'><strong>ntrnoltdrlcd</strong></span> <span class='ocrx_word' id='word_1_5' title='bbox 1581 609 1642 670; x_wconf 80' lang='lat'><strong>635</strong></span> 
     </span>
    </p>
   </div>
   <div class='ocr_carea' id='block_1_2' title="bbox 190 740 1756 3564">
    <p class='ocr_par' dir='ltr' id='par_1_2' title="bbox 218 740 1756 3066">
     <span class='ocr_line' id='line_1_2' title="bbox 230 740 1641 846; baseline 0.001 -31"><span class='ocrx_word' id='word_1_6' title='bbox 230 745 369 816; x_wconf 79' lang='lat' dir='ltr'><strong>fortuna</strong></span> <span class='ocrx_word' id='word_1_7' title='bbox 392 742 594 846; x_wconf 82' lang='lat' dir='ltr'><strong>certaverit,</strong></span> <span class='ocrx_word' id='word_1_8' title='bbox 615 753 758 815; x_wconf 90' lang='lat' dir='ltr'><strong>eatenus</strong></span> <span class='ocrx_word' id='word_1_9' title='bbox 778 752 1018 815; x_wconf 78' lang='lat' dir='ltr'><strong>verumtamen</strong></span> <span class='ocrx_word' id='word_1_10' title='bbox 1037 763 1100 813; x_wconf 92' lang='lat' dir='ltr'><strong>nos</strong></span> <span class='ocrx_word' id='word_1_11' title='bbox 1120 740 1314 836; x_wconf 82' lang='lat' dir='ltr'>superiores</span> <span class='ocrx_word' id='word_1_12' title='bbox 1337 741 1374 811; x_wconf 90' lang='lat' dir='ltr'><strong>in</strong></span> <span class='ocrx_word' id='word_1_13' title='bbox 1395 761 1475 814; x_wconf 87' lang='lat' dir='ltr'><strong>area</strong></span> <span class='ocrx_word' id='word_1_14' title='bbox 1496 743 1641 816; x_wconf 82' lang='lat' dir='ltr'><strong>felicitas</strong></span> 
     </span>
     <span class='ocr_line' id='line_1_3' title="bbox 228 863 1639 961; baseline 0 -21"><span class='ocrx_word' id='word_1_15' title='bbox 228 878 348 940; x_wconf 88' lang='lat' dir='ltr'><strong>nostra</strong></span> <span class='ocrx_word' id='word_1_16' title='bbox 362 866 553 956; x_wconf 85' lang='lat' dir='ltr'><strong>constitnit,</strong></span> <span class='ocrx_word' id='word_1_17' title='bbox 574 875 614 938; x_wconf 86' lang='lat' dir='ltr'><strong>ut</strong></span> <span class='ocrx_word' id='word_1_18' title='bbox 622 868 696 959; x_wconf 87' lang='lat' dir='ltr'><strong>jem</strong></span> <span class='ocrx_word' id='word_1_19' title='bbox 712 889 782 938; x_wconf 94' lang='lat' dir='ltr'><strong>non</strong></span> <span class='ocrx_word' id='word_1_20' title='bbox 798 867 889 938; x_wconf 88' lang='lat' dir='ltr'><strong>vinci</strong></span> <span class='ocrx_word' id='word_1_21' title='bbox 903 887 1016 961; x_wconf 89' lang='lat' dir='ltr'><strong>posse,</strong></span> <span class='ocrx_word' id='word_1_22' title='bbox 1037 865 1099 938; x_wconf 89' lang='lat' dir='ltr'><strong>sed</strong></span> <span class='ocrx_word' id='word_1_23' title='bbox 1115 863 1257 936; x_wconf 88' lang='lat' dir='ltr'><strong>vincera</strong></span> <span class='ocrx_word' id='word_1_24' title='bbox 1271 864 1391 959; x_wconf 91' lang='lat' dir='ltr'><strong>procul</strong></span> <span class='ocrx_word' id='word_1_25' title='bbox 1408 864 1515 937; x_wconf 91' lang='lat' dir='ltr'><strong>dnbio</strong></span> <span class='ocrx_word' id='word_1_26' title='bbox 1530 865 1639 940; x_wconf 85' lang='lat' dir='ltr'><strong>confi-</strong></span> 
     </span>
     <span class='ocr_line' id='line_1_4' title="bbox 229 987 1638 1085; baseline 0.001 -23"><span class='ocrx_word' id='word_1_27' title='bbox 229 990 367 1062; x_wconf 82' lang='lat' dir='ltr'><strong>damus.</strong></span> <span class='ocrx_word' id='word_1_28' title='bbox 386 993 453 1062; x_wconf 86' lang='lat' dir='ltr'><strong>Ter</strong></span> <span class='ocrx_word' id='word_1_29' title='bbox 472 1011 555 1062; x_wconf 88' lang='lat' dir='ltr'><strong>sena</strong></span> <span class='ocrx_word' id='word_1_30' title='bbox 572 990 798 1085; x_wconf 87' lang='lat' dir='ltr'><strong>projecimus,</strong></span> <span class='ocrx_word' id='word_1_31' title='bbox 815 991 914 1062; x_wconf 90' lang='lat' dir='ltr'><strong>velut</strong></span> <span class='ocrx_word' id='word_1_32' title='bbox 928 990 988 1082; x_wconf 92' lang='lat' dir='ltr'><strong>qui</strong></span> <span class='ocrx_word' id='word_1_33' title='bbox 1009 987 1229 1060; x_wconf 87' lang='lat' dir='ltr'><strong>multitudine</strong></span> <span class='ocrx_word' id='word_1_34' title='bbox 1250 998 1481 1082; x_wconf 76' lang='lat' dir='ltr'><strong>pugnatorum</strong></span> <span class='ocrx_word' id='word_1_35' title='bbox 1505 1001 1638 1085; x_wconf 89' lang='lat' dir='ltr'><strong>partem</strong></span> 
     </span>
     <span class='ocr_line' id='line_1_5' title="bbox 227 1111 1639 1203; baseline 0.001 -17"><span class='ocrx_word' id='word_1_36' title='bbox 227 1113 413 1186; x_wconf 81' lang='lat' dir='ltr'><strong>adversam</strong></span> <span class='ocrx_word' id='word_1_37' title='bbox 434 1113 668 1186; x_wconf 81' lang='lat' dir='ltr'><strong>Parmensium</strong></span> <span class='ocrx_word' id='word_1_38' title='bbox 691 1113 868 1186; x_wconf 86' lang='lat' dir='ltr'><strong>civitatem</strong></span> <span class='ocrx_word' id='word_1_39' title='bbox 887 1112 1102 1185; x_wconf 80' lang='lat' dir='ltr'><strong>laborantem</strong></span> <span class='ocrx_word' id='word_1_40' title='bbox 1120 1111 1156 1182; x_wconf 95' lang='lat' dir='ltr'><strong>in</strong></span> <span class='ocrx_word' id='word_1_41' title='bbox 1171 1111 1301 1182; x_wconf 88' lang='lat' dir='ltr'><strong>ultimis</strong></span> <span class='ocrx_word' id='word_1_42' title='bbox 1318 1112 1441 1203; x_wconf 85' lang='lat' dir='ltr'><strong>juvare</strong></span> <span class='ocrx_word' id='word_1_43' title='bbox 1463 1115 1639 1187; x_wconf 90' lang='lat' dir='ltr'><strong>volentem</strong></span> 
     </span>
     <span class='ocr_line' id='line_1_6' title="bbox 227 1235 1637 1329; baseline 0.001 -21"><span class='ocrx_word' id='word_1_44' title='bbox 227 1237 264 1308; x_wconf 91' lang='lat' dir='ltr'><strong>in</strong></span> <span class='ocrx_word' id='word_1_45' title='bbox 282 1246 418 1310; x_wconf 79' lang='lat' dir='ltr'><strong>tantum</strong></span> <span class='ocrx_word' id='word_1_46' title='bbox 435 1237 666 1328; x_wconf 82' lang='lat' dir='ltr'><strong>excessimus,</strong></span> <span class='ocrx_word' id='word_1_47' title='bbox 684 1245 724 1308; x_wconf 93' lang='lat' dir='ltr'><strong>ut</strong></span> <span class='ocrx_word' id='word_1_48' title='bbox 741 1236 832 1308; x_wconf 90' lang='lat' dir='ltr'><strong>inter</strong></span> <span class='ocrx_word' id='word_1_49' title='bbox 847 1235 939 1308; x_wconf 89' lang='lat' dir='ltr'><strong>vires</strong></span> <span class='ocrx_word' id='word_1_50' title='bbox 954 1244 1091 1307; x_wconf 91' lang='lat' dir='ltr'><strong>nostras</strong></span> <span class='ocrx_word' id='word_1_51' title='bbox 1106 1244 1142 1307; x_wconf 92' lang='lat' dir='ltr'><strong>et</strong></span> <span class='ocrx_word' id='word_1_52' title='bbox 1158 1256 1256 1326; x_wconf 78' lang='lat' dir='ltr'><strong>suaS,</strong></span> <span class='ocrx_word' id='word_1_53' title='bbox 1272 1245 1438 1329; x_wconf 90' lang='lat' dir='ltr'><strong>tanquam</strong></span> <span class='ocrx_word' id='word_1_54' title='bbox 1459 1237 1550 1308; x_wconf 90' lang='lat' dir='ltr'><strong>inter</strong></span> <span class='ocrx_word' id='word_1_55' title='bbox 1566 1259 1637 1310; x_wconf 95' lang='lat' dir='ltr'><strong>non</strong></span> 
     </span>
     <span class='ocr_line' id='line_1_7' title="bbox 225 1360 1638 1458; baseline 0.002 -25"><span class='ocrx_word' id='word_1_56' title='bbox 225 1362 485 1458; x_wconf 84' lang='lat' dir='ltr'><strong>participantia,</strong></span> <span class='ocrx_word' id='word_1_57' title='bbox 501 1362 714 1457; x_wconf 90' lang='lat' dir='ltr'><strong>comparatio</strong></span> <span class='ocrx_word' id='word_1_58' title='bbox 729 1361 824 1436; x_wconf 87' lang='lat' dir='ltr'><strong>nulla</strong></span> <span class='ocrx_word' id='word_1_59' title='bbox 841 1361 898 1432; x_wconf 90' lang='lat' dir='ltr'><strong>vel</strong></span> <span class='ocrx_word' id='word_1_60' title='bbox 916 1360 1052 1432; x_wconf 86' lang='lat' dir='ltr'><strong>modica</strong></span> <span class='ocrx_word' id='word_1_61' title='bbox 1071 1368 1266 1431; x_wconf 84' lang='lat' dir='ltr'><strong>censeatur.</strong></span> <span class='ocrx_word' id='word_1_62' title='bbox 1286 1360 1399 1432; x_wconf 88' lang='lat' dir='ltr'><strong>Unum</strong></span> <span class='ocrx_word' id='word_1_63' title='bbox 1420 1363 1638 1436; x_wconf 89' lang='lat' dir='ltr'><strong>solummodo</strong></span> 
     </span>
     <span class='ocr_line' id='line_1_8' title="bbox 225 1483 1636 1581; baseline 0.001 -23"><span class='ocrx_word' id='word_1_64' title='bbox 225 1487 329 1560; x_wconf 90' lang='lat' dir='ltr'><strong>nobis</strong></span> <span class='ocrx_word' id='word_1_65' title='bbox 347 1487 393 1561; x_wconf 89' lang='lat' dir='ltr'><strong>ad</strong></span> <span class='ocrx_word' id='word_1_66' title='bbox 409 1487 569 1560; x_wconf 78' lang='lat' dir='ltr'><strong>festinam</strong></span> <span class='ocrx_word' id='word_1_67' title='bbox 583 1487 721 1581; x_wconf 89' lang='lat' dir='ltr'><strong>plenam</strong></span> <span class='ocrx_word' id='word_1_68' title='bbox 734 1486 915 1557; x_wconf 86' lang='lat' dir='ltr'><strong>victoriam</strong></span> <span class='ocrx_word' id='word_1_69' title='bbox 931 1483 1066 1575; x_wconf 90' lang='lat' dir='ltr'><strong>deficit,</strong></span> <span class='ocrx_word' id='word_1_70' title='bbox 1089 1483 1184 1577; x_wconf 91' lang='lat' dir='ltr'><strong>quod</strong></span> <span class='ocrx_word' id='word_1_71' title='bbox 1202 1485 1248 1556; x_wconf 91' lang='lat' dir='ltr'><strong>ad</strong></span> <span class='ocrx_word' id='word_1_72' title='bbox 1267 1485 1551 1558; x_wconf 85' lang='lat' dir='ltr'><strong>sustentationem</strong></span> <span class='ocrx_word' id='word_1_73' title='bbox 1574 1487 1636 1560; x_wconf 89' lang='lat' dir='ltr'><strong>sti·</strong></span> 
     </span>
     <span class='ocr_line' id='line_1_9' title="bbox 225 1607 1636 1707; baseline 0.001 -25"><span class='ocrx_word' id='word_1_74' title='bbox 225 1611 489 1707; x_wconf 86' lang='lat' dir='ltr'><strong>pondiariorum</strong></span> <span class='ocrx_word' id='word_1_75' title='bbox 516 1619 713 1682; x_wconf 89' lang='lat' dir='ltr'><strong>nostrorum</strong></span> <span class='ocrx_word' id='word_1_76' title='bbox 744 1609 959 1702; x_wconf 90' lang='lat' dir='ltr'><strong>aliorumque</strong></span> <span class='ocrx_word' id='word_1_77' title='bbox 987 1607 1161 1698; x_wconf 85' lang='lat' dir='ltr'><strong>fidelium,</strong></span> <span class='ocrx_word' id='word_1_78' title='bbox 1184 1629 1273 1702; x_wconf 90' lang='lat' dir='ltr'><strong>quos</strong></span> <span class='ocrx_word' id='word_1_79' title='bbox 1293 1629 1313 1679; x_wconf 91' lang='lat' dir='ltr'><strong>a</strong></span> <span class='ocrx_word' id='word_1_80' title='bbox 1338 1609 1479 1680; x_wconf 89' lang='lat' dir='ltr'><strong>remotis</strong></span> <span class='ocrx_word' id='word_1_81' title='bbox 1502 1611 1636 1706; x_wconf 90' lang='lat' dir='ltr'><strong>imperii</strong></span> 
     </span>
     <span class='ocr_line' id='line_1_10' title="bbox 223 1729 1637 1829; baseline 0.004 -25"><span class='ocrx_word' id='word_1_82' title='bbox 223 1732 355 1807; x_wconf 86' lang='lat' dir='ltr'><strong>linibus</strong></span> <span class='ocrx_word' id='word_1_83' title='bbox 375 1735 423 1806; x_wconf 90' lang='lat' dir='ltr'><strong>ad</strong></span> <span class='ocrx_word' id='word_1_84' title='bbox 438 1733 657 1829; x_wconf 86' lang='lat' dir='ltr'><strong>participium</strong></span> <span class='ocrx_word' id='word_1_85' title='bbox 677 1733 820 1806; x_wconf 87' lang='lat' dir='ltr'><strong>victorie</strong></span> <span class='ocrx_word' id='word_1_86' title='bbox 838 1741 957 1805; x_wconf 89' lang='lat' dir='ltr'><strong>nostre</strong></span> <span class='ocrx_word' id='word_1_87' title='bbox 974 1731 1178 1805; x_wconf 78' lang='lat' dir='ltr'><strong>fortissimus</strong></span> <span class='ocrx_word' id='word_1_88' title='bbox 1192 1729 1274 1805; x_wconf 88' lang='lat' dir='ltr'><strong>fidei</strong></span> <span class='ocrx_word' id='word_1_89' title='bbox 1289 1732 1383 1804; x_wconf 89' lang='lat' dir='ltr'><strong>zalus</strong></span> <span class='ocrx_word' id='word_1_90' title='bbox 1398 1733 1586 1828; x_wconf 89' lang='lat' dir='ltr'><strong>imparatos</strong></span> <span class='ocrx_word' id='word_1_91' title='bbox 1601 1747 1637 1808; x_wconf 90' lang='lat' dir='ltr'><strong>et</strong></span> 
     </span>
     <span class='ocr_line' id='line_1_11' title="bbox 223 1853 1633 1950; baseline -0.001 -21"><span class='ocrx_word' id='word_1_92' title='bbox 223 1857 385 1930; x_wconf 88' lang='lat' dir='ltr'><strong>subditos</strong></span> <span class='ocrx_word' id='word_1_93' title='bbox 411 1858 586 1949; x_wconf 86' lang='lat' dir='ltr'><strong>evocavit,</strong></span> <span class='ocrx_word' id='word_1_94' title='bbox 612 1855 839 1928; x_wconf 86' lang='lat' dir='ltr'><strong>sufficientem</strong></span> <span class='ocrx_word' id='word_1_95' title='bbox 856 1855 1039 1950; x_wconf 89' lang='lat' dir='ltr'><strong>pecuniam</strong></span> <span class='ocrx_word' id='word_1_96' title='bbox 1052 1877 1124 1928; x_wconf 89' lang='lat' dir='ltr'><strong>non</strong></span> <span class='ocrx_word' id='word_1_97' title='bbox 1144 1854 1325 1928; x_wconf 82' lang='lat' dir='ltr'><strong>babemus</strong></span> <span class='ocrx_word' id='word_1_98' title='bbox 1343 1853 1397 1928; x_wconf 79' lang='lat' dir='ltr'><strong>Ad</strong></span> <span class='ocrx_word' id='word_1_99' title='bbox 1424 1878 1528 1950; x_wconf 87' lang='lat' dir='ltr'><strong>quam</strong></span> <span class='ocrx_word' id='word_1_100' title='bbox 1562 1869 1633 1929; x_wconf 92' lang='lat' dir='ltr'><strong>tum</strong></span> 
     </span>
     <span class='ocr_line' id='line_1_12' title="bbox 223 1977 1634 2074; baseline -0.001 -22"><span class='ocrx_word' id='word_1_101' title='bbox 223 2001 271 2052; x_wconf 82' lang='lat' dir='ltr'><strong>ex</strong></span> <span class='ocrx_word' id='word_1_102' title='bbox 284 1989 404 2053; x_wconf 88' lang='lat' dir='ltr'><strong>restro</strong></span> <span class='ocrx_word' id='word_1_103' title='bbox 419 1981 587 2073; x_wconf 89' lang='lat' dir='ltr'><strong>subsidio,</strong></span> <span class='ocrx_word' id='word_1_104' title='bbox 603 1979 698 2074; x_wconf 89' lang='lat' dir='ltr'><strong>quod</strong></span> <span class='ocrx_word' id='word_1_105' title='bbox 716 2001 894 2074; x_wconf 89' lang='lat' dir='ltr'><strong>nunquam</strong></span> <span class='ocrx_word' id='word_1_106' title='bbox 913 1980 1014 2052; x_wconf 93' lang='lat' dir='ltr'><strong>nobis</strong></span> <span class='ocrx_word' id='word_1_107' title='bbox 1034 1979 1203 2051; x_wconf 89' lang='lat' dir='ltr'><strong>hactenus</strong></span> <span class='ocrx_word' id='word_1_108' title='bbox 1223 1979 1345 2070; x_wconf 85' lang='lat' dir='ltr'><strong>deluit,</strong></span> <span class='ocrx_word' id='word_1_109' title='bbox 1363 1977 1541 2071; x_wconf 86' lang='lat' dir='ltr'><strong>nfideles,</strong></span> <span class='ocrx_word' id='word_1_110' title='bbox 1560 1989 1634 2052; x_wconf 90' lang='lat' dir='ltr'><strong>tum</strong></span> 
     </span>
     <span class='ocr_line' id='line_1_13' title="bbox 221 2103 1756 2200; baseline 0 -22"><span class='ocrx_word' id='word_1_111' title='bbox 221 2125 270 2178; x_wconf 82' lang='lat' dir='ltr'><strong>ex</strong></span> <span class='ocrx_word' id='word_1_112' title='bbox 293 2106 559 2199; x_wconf 88' lang='lat' dir='ltr'><strong>quibuscunque</strong></span> <span class='ocrx_word' id='word_1_113' title='bbox 582 2105 677 2177; x_wconf 87' lang='lat' dir='ltr'><strong>curie</strong></span> <span class='ocrx_word' id='word_1_114' title='bbox 697 2114 814 2177; x_wconf 91' lang='lat' dir='ltr'><strong>nostre</strong></span> <span class='ocrx_word' id='word_1_115' title='bbox 836 2104 1062 2200; x_wconf 88' lang='lat' dir='ltr'><strong>proventibus</strong></span> <span class='ocrx_word' id='word_1_116' title='bbox 1082 2103 1312 2196; x_wconf 80' lang='lat' dir='ltr'><strong>colligendam</strong></span> <span class='ocrx_word' id='word_1_117' title='bbox 1329 2113 1364 2176; x_wconf 89' lang='lat' dir='ltr'><strong>et</strong></span> <span class='ocrx_word' id='word_1_118' title='bbox 1379 2103 1424 2176; x_wconf 87' lang='lat' dir='ltr'><strong>ad</strong></span> <span class='ocrx_word' id='word_1_119' title='bbox 1443 2123 1507 2176; x_wconf 90' lang='lat' dir='ltr'><strong>nos</strong></span> <span class='ocrx_word' id='word_1_120' title='bbox 1528 2106 1632 2178; x_wconf 86' lang='lat' dir='ltr'><strong>etiam</strong></span> <span class='ocrx_word' id='word_1_121' title='bbox 1748 2137 1756 2149; x_wconf 95' lang='lat'><strong>·</strong></span> 
     </span>
     <span class='ocr_line' id='line_1_14' title="bbox 220 2227 1632 2317; baseline 0.001 -16"><span class='ocrx_word' id='word_1_122' title='bbox 220 2249 305 2301; x_wconf 88' lang='lat' dir='ltr'><strong>cum</strong></span> <span class='ocrx_word' id='word_1_123' title='bbox 321 2250 457 2301; x_wconf 88' lang='lat' dir='ltr'><strong>summa</strong></span> <span class='ocrx_word' id='word_1_124' title='bbox 468 2229 665 2301; x_wconf 84' lang='lat' dir='ltr'><strong>festinantia</strong></span> <span class='ocrx_word' id='word_1_125' title='bbox 679 2228 933 2317; x_wconf 85' lang='lat' dir='ltr'><strong>destinandam,</strong></span> <span class='ocrx_word' id='word_1_126' title='bbox 951 2249 1018 2300; x_wconf 90' lang='lat' dir='ltr'><strong>nec</strong></span> <span class='ocrx_word' id='word_1_127' title='bbox 1030 2227 1145 2298; x_wconf 91' lang='lat' dir='ltr'><strong>minus</strong></span> <span class='ocrx_word' id='word_1_128' title='bbox 1159 2237 1198 2298; x_wconf 93' lang='lat' dir='ltr'><strong>nt</strong></span> <span class='ocrx_word' id='word_1_129' title='bbox 1210 2249 1273 2299; x_wconf 90' lang='lat' dir='ltr'><strong>vos</strong></span> <span class='ocrx_word' id='word_1_130' title='bbox 1287 2228 1332 2299; x_wconf 89' lang='lat' dir='ltr'><strong>de</strong></span> <span class='ocrx_word' id='word_1_131' title='bbox 1348 2239 1543 2301; x_wconf 88' lang='lat' dir='ltr'><strong>nostrorum</strong></span> <span class='ocrx_word' id='word_1_132' title='bbox 1558 2251 1632 2303; x_wconf 85' lang='lat' dir='ltr'><strong>suo·</strong></span> 
     </span>
     <span class='ocr_line' id='line_1_15' title="bbox 219 2351 1630 2450; baseline 0.001 -25"><span class='ocrx_word' id='word_1_133' title='bbox 219 2371 385 2425; x_wconf 89' lang='lat' dir='ltr'><strong>oessunm</strong></span> <span class='ocrx_word' id='word_1_134' title='bbox 403 2353 630 2450; x_wconf 86' lang='lat' dir='ltr'><strong>prosperitate</strong></span> <span class='ocrx_word' id='word_1_135' title='bbox 648 2351 808 2443; x_wconf 88' lang='lat' dir='ltr'><strong>letificat,</strong></span> <span class='ocrx_word' id='word_1_136' title='bbox 825 2352 1022 2447; x_wconf 89' lang='lat' dir='ltr'><strong>Philippum</strong></span> <span class='ocrx_word' id='word_1_137' title='bbox 1037 2351 1274 2424; x_wconf 88' lang='lat' dir='ltr'><strong>venerabilem</strong></span> <span class='ocrx_word' id='word_1_138' title='bbox 1287 2354 1480 2424; x_wconf 87' lang='lat' dir='ltr'><strong>Pattensem</strong></span> <span class='ocrx_word' id='word_1_139' title='bbox 1498 2354 1630 2450; x_wconf 91' lang='lat' dir='ltr'><strong>episco-</strong></span> 
     </span>
     <span class='ocr_line' id='line_1_16' title="bbox 218 2474 1627 2571; baseline 0.001 -24"><span class='ocrx_word' id='word_1_140' title='bbox 218 2497 322 2571; x_wconf 90' lang='lat' dir='ltr'><strong>pum,</strong></span> <span class='ocrx_word' id='word_1_141' title='bbox 334 2475 501 2548; x_wconf 85' lang='lat' dir='ltr'><strong>dilectum</strong></span> <span class='ocrx_word' id='word_1_142' title='bbox 513 2475 651 2548; x_wconf 84' lang='lat' dir='ltr'><strong>fidelem</strong></span> <span class='ocrx_word' id='word_1_143' title='bbox 662 2489 830 2565; x_wconf 91' lang='lat' dir='ltr'><strong>nostrum,</strong></span> <span class='ocrx_word' id='word_1_144' title='bbox 843 2476 1000 2547; x_wconf 85' lang='lat' dir='ltr'><strong>celeriter</strong></span> <span class='ocrx_word' id='word_1_145' title='bbox 1013 2475 1175 2547; x_wconf 90' lang='lat' dir='ltr'><strong>incursim</strong></span> <span class='ocrx_word' id='word_1_146' title='bbox 1189 2475 1352 2546; x_wconf 81' lang='lat' dir='ltr'><strong>duximus</strong></span> <span class='ocrx_word' id='word_1_147' title='bbox 1365 2474 1627 2569; x_wconf 69' lang='lat' dir='ltr'><strong>destinandum</strong></span> 
     </span>
     <span class='ocr_line' id='line_1_17' title="bbox 218 2597 1630 2696; baseline 0.003 -25"><span class='ocrx_word' id='word_1_148' title='bbox 218 2599 264 2672; x_wconf 91' lang='lat' dir='ltr'><strong>ad</strong></span> <span class='ocrx_word' id='word_1_149' title='bbox 288 2601 391 2693; x_wconf 85' lang='lat' dir='ltr'><strong>cujus</strong></span> <span class='ocrx_word' id='word_1_150' title='bbox 409 2599 600 2672; x_wconf 88' lang='lat' dir='ltr'><strong>adventum</strong></span> <span class='ocrx_word' id='word_1_151' title='bbox 618 2611 734 2696; x_wconf 89' lang='lat' dir='ltr'><strong>preter</strong></span> <span class='ocrx_word' id='word_1_152' title='bbox 750 2599 917 2671; x_wconf 91' lang='lat' dir='ltr'><strong>mittentis</strong></span> <span class='ocrx_word' id='word_1_153' title='bbox 933 2597 1116 2695; x_wconf 88' lang='lat' dir='ltr'><strong>imperium</strong></span> <span class='ocrx_word' id='word_1_154' title='bbox 1140 2609 1175 2670; x_wconf 87' lang='lat' dir='ltr'><strong>et</strong></span> <span class='ocrx_word' id='word_1_155' title='bbox 1195 2599 1354 2670; x_wconf 85' lang='lat' dir='ltr'><strong>affectum</strong></span> <span class='ocrx_word' id='word_1_156' title='bbox 1375 2621 1479 2693; x_wconf 91' lang='lat' dir='ltr'><strong>quem</strong></span> <span class='ocrx_word' id='word_1_157' title='bbox 1500 2600 1546 2673; x_wconf 92' lang='lat' dir='ltr'><strong>ad</strong></span> <span class='ocrx_word' id='word_1_158' title='bbox 1566 2623 1630 2675; x_wconf 88' lang='lat' dir='ltr'><strong>vos</strong></span> 
     </span>
     <span class='ocr_line' id='line_1_18' title="bbox 218 2721 1627 2820; baseline 0.003 -26"><span class='ocrx_word' id='word_1_159' title='bbox 218 2745 292 2796; x_wconf 93' lang='lat' dir='ltr'><strong>non</strong></span> <span class='ocrx_word' id='word_1_160' title='bbox 310 2721 536 2814; x_wconf 88' lang='lat' dir='ltr'><strong>dominicum,</strong></span> <span class='ocrx_word' id='word_1_161' title='bbox 555 2723 618 2796; x_wconf 89' lang='lat' dir='ltr'><strong>sed</strong></span> <span class='ocrx_word' id='word_1_162' title='bbox 634 2735 816 2820; x_wconf 87' lang='lat' dir='ltr'><strong>paternum</strong></span> <span class='ocrx_word' id='word_1_163' title='bbox 834 2722 1015 2814; x_wconf 90' lang='lat' dir='ltr'><strong>habemus,</strong></span> <span class='ocrx_word' id='word_1_164' title='bbox 1032 2723 1135 2794; x_wconf 92' lang='lat' dir='ltr'><strong>misse</strong></span> <span class='ocrx_word' id='word_1_165' title='bbox 1151 2744 1299 2818; x_wconf 85' lang='lat' dir='ltr'><strong>persone</strong></span> <span class='ocrx_word' id='word_1_166' title='bbox 1311 2744 1376 2795; x_wconf 91' lang='lat' dir='ltr'><strong>vos</strong></span> <span class='ocrx_word' id='word_1_167' title='bbox 1388 2725 1536 2818; x_wconf 86' lang='lat' dir='ltr'><strong>qualitas</strong></span> <span class='ocrx_word' id='word_1_168' title='bbox 1551 2747 1627 2798; x_wconf 93' lang='lat' dir='ltr'><strong>mo·</strong></span> 
     </span>
     <span class='ocr_line' id='line_1_19' title="bbox 218 2846 1627 2943; baseline 0.001 -25"><span class='ocrx_word' id='word_1_169' title='bbox 218 2855 315 2936; x_wconf 84' lang='lat' dir='ltr'><strong>reat,</strong></span> <span class='ocrx_word' id='word_1_170' title='bbox 332 2869 438 2942; x_wconf 88' lang='lat' dir='ltr'><strong>quam</strong></span> <span class='ocrx_word' id='word_1_171' title='bbox 451 2847 549 2920; x_wconf 88' lang='lat' dir='ltr'><strong>velut</strong></span> <span class='ocrx_word' id='word_1_172' title='bbox 566 2847 743 2942; x_wconf 91' lang='lat' dir='ltr'><strong>obsequiis</strong></span> <span class='ocrx_word' id='word_1_173' title='bbox 758 2846 884 2919; x_wconf 91' lang='lat' dir='ltr'><strong>nostris</strong></span> <span class='ocrx_word' id='word_1_174' title='bbox 902 2847 1084 2942; x_wconf 91' lang='lat' dir='ltr'><strong>perutilem</strong></span> <span class='ocrx_word' id='word_1_175' title='bbox 1100 2868 1122 2918; x_wconf 89' lang='lat' dir='ltr'><strong>a</strong></span> <span class='ocrx_word' id='word_1_176' title='bbox 1138 2847 1264 2918; x_wconf 85' lang='lat' dir='ltr'><strong>nostris</strong></span> <span class='ocrx_word' id='word_1_177' title='bbox 1278 2847 1474 2942; x_wconf 87' lang='lat' dir='ltr'><strong>aspectibus</strong></span> <span class='ocrx_word' id='word_1_178' title='bbox 1488 2870 1627 2943; x_wconf 87' lang='lat' dir='ltr'><strong>separa·</strong></span> 
     </span>
     <span class='ocr_line' id='line_1_20' title="bbox 218 2969 1628 3066; baseline 0.002 -26"><span class='ocrx_word' id='word_1_179' title='bbox 218 2991 299 3041; x_wconf 88' lang='lat' dir='ltr'><strong>mus</strong></span> <span class='ocrx_word' id='word_1_180' title='bbox 313 2969 432 3062; x_wconf 86' lang='lat' dir='ltr'><strong>inviti,</strong></span> <span class='ocrx_word' id='word_1_181' title='bbox 447 2971 514 3042; x_wconf 90' lang='lat' dir='ltr'><strong>nisi</strong></span> <span class='ocrx_word' id='word_1_182' title='bbox 531 2971 628 3064; x_wconf 92' lang='lat' dir='ltr'><strong>quod</strong></span> <span class='ocrx_word' id='word_1_183' title='bbox 644 2991 686 3043; x_wconf 91' lang='lat' dir='ltr'><strong>eo</strong></span> <span class='ocrx_word' id='word_1_184' title='bbox 702 2991 813 3064; x_wconf 90' lang='lat' dir='ltr'><strong>usque</strong></span> <span class='ocrx_word' id='word_1_185' title='bbox 833 2992 898 3042; x_wconf 92' lang='lat' dir='ltr'><strong>nos</strong></span> <span class='ocrx_word' id='word_1_186' title='bbox 915 2979 1031 3041; x_wconf 89' lang='lat' dir='ltr'><strong>nostra</strong></span> <span class='ocrx_word' id='word_1_187' title='bbox 1044 2971 1233 3042; x_wconf 88' lang='lat' dir='ltr'><strong>necessitas</strong></span> <span class='ocrx_word' id='word_1_188' title='bbox 1250 2971 1470 3066; x_wconf 82' lang='lat' dir='ltr'><strong>perduxerit,</strong></span> <span class='ocrx_word' id='word_1_189' title='bbox 1488 2980 1528 3043; x_wconf 90' lang='lat' dir='ltr'><strong>ut</strong></span> <span class='ocrx_word' id='word_1_190' title='bbox 1550 2994 1628 3045; x_wconf 93' lang='lat' dir='ltr'><strong>oor·</strong></span> 
     </span>
    </p>

    <p class='ocr_par' dir='ltr' id='par_1_3' title="bbox 190 3093 1626 3564">
     <span class='ocr_line' id='line_1_21' title="bbox 190 3093 1624 3190; baseline 0.001 -24"><span class='ocrx_word' id='word_1_191' title='bbox 190 3159 194 3166; x_wconf 91' lang='lat'><strong>.</strong></span> <span class='ocrx_word' id='word_1_192' title='bbox 218 3093 315 3190; x_wconf 88' lang='lat' dir='ltr'><strong>poris</strong></span> <span class='ocrx_word' id='word_1_193' title='bbox 347 3095 455 3168; x_wconf 88' lang='lat' dir='ltr'><strong>nostri</strong></span> <span class='ocrx_word' id='word_1_194' title='bbox 481 3105 635 3190; x_wconf 86' lang='lat' dir='ltr'><strong>partem,</strong></span> <span class='ocrx_word' id='word_1_195' title='bbox 668 3095 697 3166; x_wconf 91' lang='lat' dir='ltr'><strong>si</strong></span> <span class='ocrx_word' id='word_1_196' title='bbox 722 3093 798 3166; x_wconf 84' lang='lat' dir='ltr'><strong>fieri</strong></span> <span class='ocrx_word' id='word_1_197' title='bbox 823 3105 940 3189; x_wconf 90' lang='lat' dir='ltr'><strong>posset</strong></span> <span class='ocrx_word' id='word_1_198' title='bbox 969 3094 1154 3164; x_wconf 88' lang='lat' dir='ltr'><strong>salubriter</strong></span> <span class='ocrx_word' id='word_1_199' title='bbox 1182 3104 1217 3165; x_wconf 90' lang='lat' dir='ltr'><strong>et</strong></span> <span class='ocrx_word' id='word_1_200' title='bbox 1245 3105 1369 3166; x_wconf 90' lang='lat' dir='ltr'><strong>natura</strong></span> <span class='ocrx_word' id='word_1_201' title='bbox 1391 3095 1624 3189; x_wconf 85' lang='lat' dir='ltr'><strong>permitteret,</strong></span> 
     </span>
     <span class='ocr_line' id='line_1_22' title="bbox 217 3215 1626 3311; baseline -0.001 -19"><span class='ocrx_word' id='word_1_202' title='bbox 217 3218 416 3292; x_wconf 87' lang='lat' dir='ltr'><strong>necessario</strong></span> <span class='ocrx_word' id='word_1_203' title='bbox 433 3218 657 3290; x_wconf 91' lang='lat' dir='ltr'><strong>misissemus.</strong></span> <span class='ocrx_word' id='word_1_204' title='bbox 667 3217 721 3289; x_wconf 82' lang='lat' dir='ltr'><strong>Ad</strong></span> <span class='ocrx_word' id='word_1_205' title='bbox 734 3217 948 3290; x_wconf 85' lang='lat' dir='ltr'><strong>offerendum</strong></span> <span class='ocrx_word' id='word_1_206' title='bbox 961 3217 1075 3310; x_wconf 91' lang='lat' dir='ltr'><strong>itaque</strong></span> <span class='ocrx_word' id='word_1_207' title='bbox 1090 3217 1190 3288; x_wconf 90' lang='lat' dir='ltr'><strong>nobis</strong></span> <span class='ocrx_word' id='word_1_208' title='bbox 1203 3217 1238 3287; x_wconf 95' lang='lat' dir='ltr'><strong>in</strong></span> <span class='ocrx_word' id='word_1_209' title='bbox 1250 3215 1317 3290; x_wconf 90' lang='lat' dir='ltr'><strong>hac</strong></span> <span class='ocrx_word' id='word_1_210' title='bbox 1328 3229 1425 3311; x_wconf 93' lang='lat' dir='ltr'><strong>parte</strong></span> <span class='ocrx_word' id='word_1_211' title='bbox 1434 3219 1626 3291; x_wconf 90' lang='lat' dir='ltr'><strong>subsidium</strong></span> 
     </span>
     <span class='ocr_line' id='line_1_23' title="bbox 218 3340 1625 3434; baseline -0.001 -18"><span class='ocrx_word' id='word_1_212' title='bbox 218 3354 336 3418; x_wconf 88' lang='lat' dir='ltr'><strong>vestra</strong></span> <span class='ocrx_word' id='word_1_213' title='bbox 351 3343 490 3416; x_wconf 90' lang='lat' dir='ltr'><strong>devotio</strong></span> <span class='ocrx_word' id='word_1_214' title='bbox 503 3364 574 3415; x_wconf 90' lang='lat' dir='ltr'><strong>non</strong></span> <span class='ocrx_word' id='word_1_215' title='bbox 591 3353 757 3432; x_wconf 88' lang='lat' dir='ltr'><strong>moretur,</strong></span> <span class='ocrx_word' id='word_1_216' title='bbox 771 3342 866 3434; x_wconf 93' lang='lat' dir='ltr'><strong>quod</strong></span> <span class='ocrx_word' id='word_1_217' title='bbox 886 3351 993 3413; x_wconf 92' lang='lat' dir='ltr'><strong>totum</strong></span> <span class='ocrx_word' id='word_1_218' title='bbox 1014 3352 1049 3412; x_wconf 91' lang='lat' dir='ltr'><strong>et</strong></span> <span class='ocrx_word' id='word_1_219' title='bbox 1065 3340 1237 3432; x_wconf 81' lang='lat' dir='ltr'><strong>integrum</strong></span> <span class='ocrx_word' id='word_1_220' title='bbox 1253 3361 1273 3411; x_wconf 90' lang='lat' dir='ltr'><strong>e</strong></span> <span class='ocrx_word' id='word_1_221' title='bbox 1288 3341 1403 3414; x_wconf 87' lang='lat' dir='ltr'><strong>vicino</strong></span> <span class='ocrx_word' id='word_1_222' title='bbox 1421 3343 1521 3414; x_wconf 91' lang='lat' dir='ltr'><strong>vobis</strong></span> <span class='ocrx_word' id='word_1_223' title='bbox 1536 3342 1625 3416; x_wconf 91' lang='lat' dir='ltr'><strong>hila·</strong></span> 
     </span>
     <span class='ocr_line' id='line_1_24' title="bbox 218 3463 1292 3564; baseline -0.007 -23"><span class='ocrx_word' id='word_1_224' title='bbox 218 3467 303 3541; x_wconf 88' lang='lat' dir='ltr'><strong>riter</strong></span> <span class='ocrx_word' id='word_1_225' title='bbox 315 3489 397 3540; x_wconf 91' lang='lat' dir='ltr'><strong>oum</strong></span> <span class='ocrx_word' id='word_1_226' title='bbox 415 3467 530 3564; x_wconf 89' lang='lat' dir='ltr'><strong>palma</strong></span> <span class='ocrx_word' id='word_1_227' title='bbox 548 3464 743 3539; x_wconf 88' lang='lat' dir='ltr'><strong>desiderate</strong></span> <span class='ocrx_word' id='word_1_228' title='bbox 760 3463 902 3537; x_wconf 90' lang='lat' dir='ltr'><strong>victorie</strong></span> <span class='ocrx_word' id='word_1_229' title='bbox 918 3463 1063 3536; x_wconf 88' lang='lat' dir='ltr'><strong>reddere</strong></span> <span class='ocrx_word' id='word_1_230' title='bbox 1077 3464 1292 3560; x_wconf 91' lang='lat' dir='ltr'><strong>pollicemur.</strong></span> 
     </span>
    </p>
   </div>
   <div class='ocr_carea' id='block_1_3' title="bbox 227 4079 1800 4203">
    <p class='ocr_par' dir='ltr' id='par_1_4' title="bbox 227 4079 1800 4203">
     <span class='ocr_line' id='line_1_25' title="bbox 227 4079 1800 4203; baseline 0.002 -41"><span class='ocrx_word' id='word_1_231' title='bbox 227 4121 231 4129; x_wconf 94' lang='lat'>·</span> <span class='ocrx_word' id='word_1_232' title='bbox 270 4080 504 4186; x_wconf 85' lang='lat' dir='ltr'><strong>Friderious,</strong></span> <span class='ocrx_word' id='word_1_233' title='bbox 531 4081 791 4163; x_wconf 86' lang='lat' dir='ltr'><strong>Romanorum</strong></span> <span class='ocrx_word' id='word_1_234' title='bbox 821 4079 1046 4189; x_wconf 85' lang='lat' dir='ltr'><strong>imperator,</strong></span> <span class='ocrx_word' id='word_1_235' title='bbox 1077 4079 1308 4187; x_wconf 88' lang='lat' dir='ltr'><strong>increpando</strong></span> <span class='ocrx_word' id='word_1_236' title='bbox 1340 4079 1471 4161; x_wconf 86' lang='lat' dir='ltr'><strong>scribit</strong></span> <span class='ocrx_word' id='word_1_237' title='bbox 1496 4079 1623 4160; x_wconf 85' lang='lat' dir='ltr'><strong>ratio·</strong></span> <span class='ocrx_word' id='word_1_238' title='bbox 1688 4096 1800 4203; x_wconf 52' lang='lat' dir='ltr'><strong>Q,</strong></span> 
     </span>
    </p>
   </div>
   <div class='ocr_carea' id='block_1_4' title="bbox 217 4211 1626 4453">
    <p class='ocr_par' dir='ltr' id='par_1_5' title="bbox 217 4211 1626 4453">
     <span class='ocr_line' id='line_1_26' title="bbox 217 4211 1626 4321; baseline 0.003 -29"><span class='ocrx_word' id='word_1_239' title='bbox 217 4212 369 4296; x_wconf 82' lang='lat' dir='ltr'><strong>nulibus</strong></span> <span class='ocrx_word' id='word_1_240' title='bbox 388 4239 455 4296; x_wconf 89' lang='lat' dir='ltr'><strong>seu</strong></span> <span class='ocrx_word' id='word_1_241' title='bbox 474 4212 698 4296; x_wconf 88' lang='lat' dir='ltr'><strong>officialibus</strong></span> <span class='ocrx_word' id='word_1_242' title='bbox 717 4211 795 4294; x_wconf 88' lang='lat' dir='ltr'><strong>suis</strong></span> <span class='ocrx_word' id='word_1_243' title='bbox 812 4213 860 4294; x_wconf 89' lang='lat' dir='ltr'><strong>de</strong></span> <span class='ocrx_word' id='word_1_244' title='bbox 877 4238 1015 4321; x_wconf 86' lang='lat' dir='ltr'><strong>ragno,</strong></span> <span class='ocrx_word' id='word_1_245' title='bbox 1037 4237 1150 4320; x_wconf 89' lang='lat' dir='ltr'><strong>super</strong></span> <span class='ocrx_word' id='word_1_246' title='bbox 1173 4213 1359 4294; x_wconf 87' lang='lat' dir='ltr'><strong>mittenda</strong></span> <span class='ocrx_word' id='word_1_247' title='bbox 1381 4214 1560 4318; x_wconf 87' lang='lat' dir='ltr'><strong>pecunia,</strong></span> <span class='ocrx_word' id='word_1_248' title='bbox 1587 4221 1626 4296; x_wconf 86' lang='lat' dir='ltr'><strong>et</strong></span> 
     </span>
     <span class='ocr_line' id='line_1_27' title="bbox 217 4342 1624 4453; baseline 0.001 -28"><span class='ocrx_word' id='word_1_249' title='bbox 217 4354 260 4426; x_wconf 92' lang='lat' dir='ltr'><strong>ut</strong></span> <span class='ocrx_word' id='word_1_250' title='bbox 293 4343 476 4429; x_wconf 84' lang='lat' dir='ltr'><strong>obediant</strong></span> <span class='ocrx_word' id='word_1_251' title='bbox 510 4345 683 4453; x_wconf 90' lang='lat' dir='ltr'><strong>Philippo</strong></span> <span class='ocrx_word' id='word_1_252' title='bbox 709 4343 881 4426; x_wconf 89' lang='lat' dir='ltr'><strong>Paotensi</strong></span> <span class='ocrx_word' id='word_1_253' title='bbox 911 4343 1087 4451; x_wconf 85' lang='lat' dir='ltr'><strong>episeopo</strong></span> <span class='ocrx_word' id='word_1_254' title='bbox 1118 4369 1234 4450; x_wconf 88' lang='lat' dir='ltr'><strong>quem</strong></span> <span class='ocrx_word' id='word_1_255' title='bbox 1267 4343 1317 4424; x_wconf 88' lang='lat' dir='ltr'><strong>ad</strong></span> <span class='ocrx_word' id='word_1_256' title='bbox 1349 4368 1413 4425; x_wconf 90' lang='lat' dir='ltr'><strong>eos</strong></span> <span class='ocrx_word' id='word_1_257' title='bbox 1444 4342 1624 4426; x_wconf 85' lang='lat' dir='ltr'><strong>nuntium</strong></span> 
     </span>
    </p>
   </div>
   <div class='ocr_carea' id='block_1_5' title="bbox 217 4477 345 4562">
    <p class='ocr_par' dir='ltr' id='par_1_6' title="bbox 217 4477 345 4562">
     <span class='ocr_line' id='line_1_28' title="bbox 217 4477 345 4562; baseline 0.023 -6"><span class='ocrx_word' id='word_1_258' title='bbox 217 4477 345 4562; x_wconf 86' lang='lat' dir='ltr'><strong>mittit.</strong></span> 
     </span>
    </p>
   </div>
   <div class='ocr_carea' id='block_1_6' title="bbox 297 4700 1162 4781">
    <p class='ocr_par' dir='ltr' id='par_1_7' title="bbox 14 4627 1162 4944">
     <span class='ocr_line' id='line_1_29' title="bbox 297 4700 1162 4781; baseline -0.006 -15.726"><span class='ocrx_word' id='word_1_259' title='bbox 297 4700 1162 4781; x_wconf 67' lang='lat' dir='ltr'><strong>(nort.taratararar.0por.,un.v‚eap.xrrxrrr.)</strong></span> 
     </span>
    </p>
   </div>
   <div class='ocr_carea' id='block_1_7' title="bbox 0 0 2158 5914">
    <p class='ocr_par' dir='ltr' id='par_1_8' title="bbox 0 0 2158 5914">
     <span class='ocr_line' id='line_1_30' title="bbox 0 0 2158 5914; baseline 0 3"><span class='ocrx_word' id='word_1_260' title='bbox 0 0 2158 5914; x_wconf 95' lang='lat' dir='ltr'><strong> </strong></span> 
     </span>
    </p>
   </div>
  </div>
 </body>
</html>
