4300 5916
521 629 584 692 832
1049 637 1231 701 conatur
1254 635 1405 714 onaan
1734 633 1816 714 [nm.
1835 634 1918 696 ists.

523 767 658 840 comitis
674 770 817 864 palatini
829 771 993 864 Saxonis,
1005 795 1112 868 quem
1127 785 1294 867 augustus
1310 785 1408 871 pater
1424 781 1541 846 noster
1555 780 1812 866 pmouratorem
1825 771 1922 844 nobis

523 901 559 962 et
573 869 720 987 imperio
738 894 919 990 deputavit
938 918 1001 991 per
1020 897 1256 990 Germaniam,
1274 919 1412 970 necnon
1432 897 1477 970 de
1498 895 1642 968 oonsilio
1657 895 1698 968 G.
1718 894 1762 967 de
1783 894 1921 969 lichen·

523 1014 623 1106 lohe,
637 1016 675 1088 C.
692 1018 736 1089 de
754 1016 936 1110 Gruthein,
952 1022 989 1093 C.
1010 1022 1176 1116 pincerne
1192 1022 1237 1094 de
1255 1022 1502 1094 Wintersteten
1521 1029 1556 1092 et
1571 1019 1609 1092 C.
1629 1019 1673 1090 de
1689 1018 1918 1109 Smidenvelt,

522 1140 795 1214 consiliariorum
810 1151 845 1214 et
861 1137 1016 1217 fidelium
1030 1157 1242 1236 nostrorum,
1255 1155 1291 1218 et
1304 1145 1523 1241 quorundam
1539 1144 1692 1216 virorum
1706 1143 1921 1237 jurisperito·

522 1285 613 1354 rum,
626 1264 790 1337 videlicet
801 1267 956 1359 magistri
968 1268 1033 1340 Th.
1048 1270 1306 1366 Herbipolensis
1325 1269 1496 1357 canonici,
1510 1267 1661 1360 magistri
1672 1269 1726 1340 Jo.
1741 1266 1786 1339 de
1799 1266 1918 1355 Dnrlo,

521 1389 676 1481 magistri
693 1389 733 1460 E.
753 1390 1050 1496 Bahenbergensis
1065 1395 1237 1484 canonici,
1257 1393 1387 1467 eisdem
1407 1393 1572 1465 fratribus
1590 1392 1769 1464 ecclesiam
1789 1411 1919 1462 memo·

521 1521 631 1584 ratam
645 1533 724 1584 cum
739 1514 842 1610 pleno
860 1526 895 1586 et
909 1515 1045 1611 integro
1061 1519 1279 1620 proprietatis
1301 1529 1338 1590 et
1358 1516 1583 1614 possessionis
1596 1516 1675 1608 jure
1691 1514 1917 1604 restituimus,

520 1645 556 1708 et
576 1635 666 1708 sicut
687 1637 848 1731 exigente
867 1639 1005 1733 justicia
1024 1641 1226 1730 debuimus,
1252 1641 1418 1714 duximus
1441 1639 1700 1734 assignandam
1724 1649 1867 1734 paterna
1885 1647 1920 1710 et

519 1769 637 1833 nostra
655 1763 860 1834 auctoritate
876 1763 1098 1856 mandantes,
1117 1775 1153 1838 et
1172 1767 1325 1838 districte
1346 1787 1387 1838 ac
1404 1764 1549 1838 firmiter
1570 1765 1635 1838 sub
1652 1771 1797 1858 optentu
1813 1762 1919 1858 ipsius

520 1894 556 1955 et
572 1895 689 1982 nostre
709 1887 819 1978 gratie
837 1888 1067 1984 precipientes
1087 1911 1132 1962 ne
1148 1890 1226 1982 quis
1241 1890 1382 1963 eosdem
1399 1889 1523 1962 fratres
1540 1889 1576 1960 in
1601 1885 1872 1983 possessionibus
1885 1896 1919 1957 et

515 2008 653 2102 juribus
673 2009 780 2104 ipsius
800 2011 945 2084 ecclesie
966 2013 1149 2085 molestare
1168 2035 1389 2108 quocumque
1411 2013 1515 2086 modo
1535 2012 1664 2084 audeat
1684 2011 1741 2083 vel
1766 2010 1915 2082 turbare.

518 2132 662 2204 Scituris
682 2134 843 2206 omnibus
861 2135 956 2229 quod
976 2137 1036 2229 qui
1061 2137 1128 2209 hoc
1148 2137 1397 2232 presumpserit
1418 2148 1562 2232 paterne
1583 2132 1651 2235 [ac]
1666 2145 1784 2208 nostre
1797 2134 1919 2226 majes-

519 2257 600 2329 tatis
619 2257 891 2349 indignationem
913 2282 952 2332 se
971 2261 1156 2334 incurrisse
1177 2235 1267 2357 pena
1287 2262 1435 2335 docente
1459 2261 1585 2334 sentiet
1605 2283 1685 2332 cum
1706 2259 1843 2332 ellectu.
1868 2259 1918 2330 No

517 2379 623 2474 igitur
641 2403 746 2477 super
771 2384 947 2478 premissis
966 2387 1039 2458 ulla
1062 2387 1198 2479 questio
1219 2387 1275 2459 vel
1296 2385 1503 2479 ambiguitas
1521 2385 1557 2455 in
1578 2395 1752 2479 posterum
1773 2385 1915 2475 oriatur,

515 2513 713 2598 presentem
741 2507 901 2600 paginam
931 2509 1126 2603 superbiis
1155 2511 1386 2604 conscriptam
1415 2509 1640 2604 impressione
1664 2529 1707 2582 ac
1728 2507 1918 2579 munimine

516 2627 617 2721 sigilli
633 2640 750 2703 nostre
767 2631 980 2706 celsitudinis
994 2634 1162 2725 jussimus
1179 2634 1346 2707 roborari.

562 2751 688 2826 Actum
706 2775 799 2827 anno
816 2757 926 2849 gratie
941 2757 1124 2830 millesimo
1140 2759 1377 2831 ducentesimo
1392 2758 1658 2852 quadragesimo
1674 2755 1839 2830 secundo.

564 2878 689 2952 Datum
702 2878 915 2973 Rotenburo,
933 2882 1046 2976 primo
1060 2882 1178 2973 madii,
1198 2884 1453 2976 quintodecimo
1464 2883 1673 2957 indictionis.

1461 3105 1711 3116 ——-—--—-

570 3281 781 3392 Conradus,
802 3284 840 3365 iu
860 3285 1120 3369 Romanorum
1140 3285 1443 3397 regemelectus,
1463 3285 1629 3369 notificat
1643 3285 1855 3370 Gerardum
1868 3284 1915 3365 de

516 3415 664 3497 Sinzioh
683 3419 867 3500 rationem
885 3417 1124 3502 villicationis
1147 3445 1237 3502 suae
1254 3445 1324 3529 pro
1343 3445 1420 3501 uno
1439 3445 1540 3502 anno
1558 3419 1796 3528 deposuisse,
1814 3442 1912 3499 con-

513 3548 715 3659 fiteturque
734 3575 774 3631 se
792 3551 909 3633 teneri
933 3552 1076 3634 solvere
1099 3553 1220 3634 eidem
1248 3553 1440 3662 octoginta
1462 3561 1547 3636 octo
1571 3577 1720 3634 marcas
1737 3562 1775 3633 et
1792 3549 1912 3632 dimi-

516 3681 639 3786 diam,
659 3691 808 3790 praeter
832 3685 974 3766 damna
991 3695 1029 3768 et
1052 3711 1235 3794 expensas
1257 3685 1380 3767 eidem
1406 3685 1574 3768 Gerardo
1597 3683 1909 3793 compensandus.

594 3868 696 3948 (uuo.
711 3870 818 3946 Tuoss,
838 3867 1023 3951 westphalia,
1037 3880 1075 3932 25
1084 3875 1160 3949 lunii
1176 3881 1264 3950 1825,
1280 3891 1309 3950 p.
1327 3871 1372 3951 o.)

560 4028 756 4121 Conradus,
775 4030 847 4103 divi
869 4031 1006 4123 angusti
1021 4031 1237 4128 imperatoris
1257 4031 1418 4104 Friderici
1442 4032 1551 4123 lilius,
1576 4031 1639 4103 Dei
1658 4033 1769 4126 gratia
1788 4031 1912 4105 lloma·

511 4171 636 4224 norum
651 4153 686 4223 in
703 4175 820 4247 regem
838 4155 982 4246 electus,
996 4177 1133 4250 semper
1144 4165 1324 4248 augustus,
1337 4154 1440 4227 heres
1455 4157 1554 4249 regni
1566 4156 1769 4229 Jerusalem.
1782 4158 1913 4228 Tenore

510 4277 724 4371 presentium
742 4275 960 4349 notificamus
975 4278 1146 4350 universis
1160 4279 1257 4371 qnod
1273 4279 1446 4352 Gerardus
1459 4279 1503 4352 de
1516 4278 1653 4371 Sinsigh
1669 4277 1782 4351 fidelis
1797 4287 1913 4350 noster

511 4419 629 4472 coram
651 4401 808 4474 officiatis
836 4401 962 4474 nostris
990 4401 1152 4497 deposuit
1180 4401 1350 4474 rationem
1374 4401 1593 4476 villicationis
1615 4423 1677 4476 sue
1699 4401 1752 4499 (l)
1778 4402 1822 4476 de
1842 4421 1912 4472 uno

511 4542 617 4595 anno.

547 4746 583 4822 (l)
600 4747 743 4810 Evidenter
755 4765 807 4828 pro
820 4755 910 4812 castro
920 4750 956 4810 ds
966 4751 1129 4824 Lmdsoron,
1142 4753 1221 4827 cujus
1235 4758 1293 4811 erat
1304 4750 1471 4828 capitonem.
