4310 5908
221 640 323 701 6666.
341 642 386 718 6.]
664 640 862 704 61666661
885 641 1181 706 6666666666.
1566 640 1626 704 666

223 776 405 848 clementie
433 775 630 870 aperiamus
649 777 782 848 cunctis
805 777 930 849 nostris
952 777 1111 850 fidelibus
1125 799 1212 871 quos
1225 777 1371 872 imperio
1390 777 1566 870 regimus,
1590 785 1626 851 ot

222 899 374 970 maxime
387 899 545 994 personis
561 896 666 972 iidem
679 909 715 971 et
727 899 949 973 devotionem
968 902 1135 974 sinceram
1154 901 1201 974 ad
1216 901 1457 973 excellentiam
1472 909 1625 972 66616661

222 1020 442 1095 habentibus.
463 1022 720 1095 Considerando
735 1023 840 1115 igitur
854 1032 952 1115 grata
966 1025 1106 1097 servitia
1123 1045 1191 1118 que
1212 1024 1354 1097 culmini
1369 1035 1488 1096 nostro
1505 1023 1625 1096 bacte-

221 1168 288 1217 nus
312 1147 461 1241 prestitit
484 1156 521 1218 et
544 1167 613 1241 que
633 1157 787 1241 prestare
815 1148 941 1242 poterit
967 1149 1004 1219 in
1025 1159 1129 1220 antea
1143 1149 1292 1221 Ubertus
1314 1146 1469 1219 marchio
1489 1148 1624 1220 Palavi-

222 1269 321 1340 cinus
341 1270 487 1342 dilectus
513 1268 625 1342 tidelis
649 1279 779 1362 noster,
803 1291 845 1343 ac
862 1273 966 1344 etiam
983 1272 1202 1345 attendentes
1222 1291 1344 1366 puram
1366 1270 1471 1344 fidem
1497 1272 1623 1342 61616-

221 1413 336 1465 ceram
356 1392 577 1466 devotionem
599 1414 705 1488 quam
725 1395 799 1489 ipse
824 1395 973 1467 Ubertus
990 1395 1036 1468 ad
1054 1395 1295 1468 exceltentiam
1319 1405 1472 1467 nostram
1496 1394 1621 1485 babet,

221 1517 372 1610 presenti
397 1517 485 1589 serie
512 1527 634 1588 notum
658 1518 802 1589 iacimus
834 1519 1005 1592 universis
1031 1519 1166 1613 imperii
1186 1517 1346 1590 fidelibus
1369 1529 1440 1590 (666
1456 1520 1630 1613 presentis

222 1640 322 1711 etatis
347 1661 452 1733 (66666
478 1641 514 1711 16
535 1651 713 1735 posterum
736 1664 936 1714 successore
961 1642 1056 1736 quod
1080 1663 1145 1714 nos
1165 1652 1315 1715 castrum
1338 1643 1422 1737 Ripe
1444 1643 1622 1735 Marantii,

222 1773 373 1835 castrum
392 1763 590 1855 Beringerie
611 1774 646 1836 et
667 1765 767 1858 Aque
782 1765 891 1855 Vive,
914 1773 1066 1838 castrum
1090 1765 1215 1838 Montis
1231 1764 1409 1837 vulterani
1428 1766 1473 1838 de
1490 1768 1624 1860 episco-

221 1895 306 1981 patu
318 1888 496 1978 vulterre,
519 1897 670 1960 castrum
687 1889 812 1960 Buxeti
835 1888 880 1960 de
902 1889 1104 1984 episcopatu
1121 1889 1305 1980 (16666666,
1326 1899 1452 1961 terram
1469 1911 1529 1962 666
1547 1911 1623 1962 666-

222 2011 890 2104 (666611663186661111666161,66616661
901 2012 1091 2103 Solignani,
1104 2021 1257 2084 castrum
1269 2012 1453 2102 Ravarani,
1471 2023 1621 2086 castrum

221 2132 346 2205 Montis
368 2133 513 2225 Palerii,
539 2143 691 2207 castrum
710 2134 928 2225 Serravailis,
954 2143 1106 2206 castrum
1125 2135 1226 2207 Petro
1246 2137 1450 2229 Mogolane,
1473 2146 1624 2209 castrum

221 2256 383 2347 Tabiani,
402 2266 553 2330 castrum
568 2258 754 2350 Bargonis,
775 2267 926 2330 castrum
941 2258 1079 2349 Paroie,
1101 2267 1252 2330 castrum
1270 2267 1371 2331 vetus
1390 2259 1435 2331 de
1452 2262 1621 2352 Soranea,

219 2381 321 2453 viltas
336 2403 398 2454 seu
413 2390 522 2454 terras
534 2381 579 2454 (16
595 2381 815 2473 Samboseto,
832 2382 877 2454 de
892 2383 1134 2454 Cosumezana
1151 2402 1231 2453 cum
1245 2390 1357 2454 castro
1373 2383 1465 2456 dicte
1482 2384 1564 2455 ville
1580 2383 1624 2456 de

221 2505 480 2595 Costamezana,
500 2503 545 2578 dc
560 2506 703 2596 Celulis,
719 2505 763 2577 de
779 2505 917 2597 111666,
934 2506 978 2578 (16
992 2505 1196 2596 Medesano,
1216 2504 1260 2578 dc
1276 2506 1428 2596 Nuceto,
1446 2506 1491 2580 de
1507 2509 1626 2582 111666-

220 2629 396 2723 guiuario,
417 2629 461 2702 dc
481 2629 698 2718 Rezenoido,
713 2628 757 2701 de
770 2630 871 2702 Curte
887 2629 1061 2718 Redalda,
1074 2629 1119 2701 de
1136 2629 1295 2702 Castiouo
1308 2630 1563 2725 Marchionum,
1580 2633 1625 2707 (16

219 2751 356 2824 Vareno
386 2752 644 2842 Marcbiouum,
671 2753 716 2825 de
736 2754 874 2825 Vareno
901 2752 1167 2845 Meiegariorum
1189 2751 1234 2824 (16
1260 2753 1460 2848 6616666616
1483 2756 1621 2841 11666666

220 2884 370 2947 castrum
395 2876 554 2971 Specuii,
577 2886 689 2948 castra
712 2875 872 2968 Gisalegii
897 2885 933 2946 61
955 2874 1123 2947 16616611
1150 2896 1231 2946 cum
1251 2876 1342 2948 villis
1362 2877 1468 2949 Vallis
1489 2878 1625 2951 Muzule

219 2997 435 3094 subscriptis,
452 3000 616 3073 videlicet
627 2999 672 3073 de
689 3000 793 3073 Piebe
812 3000 985 3092 Gisalegii,
1004 2999 1048 3072 de
1063 2999 1253 3092 Margiane,
1270 3001 1315 3073 dc
1328 3001 1428 3074 (16616
1443 3001 1566 3093 Asine,
1580 3001 1624 3075 (16

218 3123 407 3216 Laudasio,
424 3123 468 3197 de
481 3124 639 3216 Cassina,
653 3124 698 3198 dc
712 3125 838 3197 Sancto
850 3125 1016 3216 Martino,
1033 3125 1076 3197 de
1091 3127 1217 3197 Sancto
1232 3124 1324 3216 Sire,
1339 3125 1430 3198 della
1445 3126 1623 3215 Grenaria,

218 3245 262 3320 de
276 3249 469 3339 Branzono,
488 3250 533 3322 (16
544 3250 710 3339 Castolio,
730 3250 775 3322 de
792 3250 958 3340 Casteno,
977 3250 1021 3322 de
1037 3250 1195 3342 Dongnla
1212 3269 1349 3321 necnon
1367 3249 1411 3321 de
1427 3251 1625 3322 Berenzono

219 3378 255 3442 et
276 3379 390 3444 castro
411 3370 507 3445 Arde
539 3371 584 3445 de
610 3373 810 3468 episcopatu
833 3373 1024 3464 Placentie;
1053 3381 1204 3444 castrum
1228 3372 1272 3444 de
1292 3373 1440 3464 Zibello,
1456 3373 1557 3445 villas
1581 3373 1625 3446 de

219 3495 345 3567 Sancta
369 3496 495 3587 (16666,
517 3495 562 3568 (16
585 3496 773 3589 Raganola,
795 3496 839 3568 dc
869 3499 958 3568 1666
981 3499 1106 3587 Scuto,
1130 3495 1176 3568 (16
1193 3496 1371 3587 16166616,
1397 3495 1441 3568 (16
1460 3497 1627 3569 Polexino

219 3617 264 3690 (16
277 3619 465 3692 biauiredis
482 3629 518 3691 et
531 3619 698 3692 Poicxino
717 3621 833 3691 Sancti
846 3620 916 3692 Viti
936 3621 1155 3716 episcopatus
1170 3620 1352 3710 Cremona,
1370 3640 1449 3691 cum
1466 3619 1627 3692 omnibus

220 3742 343 3832 curiis,
373 3743 487 3834 vittis,
516 3743 616 3816 terris
640 3743 741 3815 cultis
766 3753 801 3815 ct
826 3745 988 3835 incultis,
1018 3743 1163 3816 terrenis
1190 3753 1225 3814 et
1249 3742 1429 3815 territoriis
1456 3745 1628 3817 dictorum

219 3875 411 3938 castrorum
433 3876 469 3940 61
484 3867 669 3960 cujuslibet
687 3887 821 3959 eorum,
850 3889 916 3939 nec
940 3889 1010 3940 non
1028 3866 1225 3938 bominibus
1246 3865 1282 3936 in
1306 3866 1470 3960 predictis
1487 3867 1626 3958 castris,

219 3989 311 4060 villis
326 4011 389 4062 seu
407 3990 505 4062 terris
520 3992 577 4063 vel
591 3991 708 4086 aliquo
727 4012 848 4062 eorum
862 3990 1129 4080 habitatoribus,
1152 3989 1253 4083 aquis
1266 4001 1301 4061 61
1319 4011 1488 4083 equarum
1503 3991 1626 4062 decur-

219 4110 332 4202 sibus,
348 4112 554 4185 molendinis
572 4124 607 4185 et
621 4113 726 4208 septis
744 4113 1042 4206 molendinorum,
1059 4113 1173 4209 puteis
1191 4133 1213 4183 a
1228 4112 1300 4184 sale
1317 4121 1353 4183 et
1373 4113 1491 4184 salinis
1503 4135 1545 4185 66
1561 4134 1628 4185 666

219 4233 369 4306 faciendi
384 4244 419 4307 et
434 4236 652 4310 conducendi
672 4239 793 4326 salem,
815 4259 857 4309 ac
879 4237 1037 4330 juribus,
1060 4236 1267 4325 rationibus,
1287 4234 1496 4325 honoribus,
1522 4236 1626 4331 perti·

218 4357 366 4448 uentiis,
393 4356 627 4453 honorantiis,
655 4360 841 4453 limitibus,
871 4361 1161 4450 obventionibus,
1188 4358 1387 4450 exercitiis,
1414 4359 1628 4451 jurisdictio·

219 4479 341 4572 611166,
358 4481 513 4577 piscariis
529 4493 565 4556 ct
581 4485 844 4575 venationibus,
860 4505 926 4557 nec
943 4505 1012 4556 non
1027 4484 1198 4579 pasculis,
1215 4482 1436 4573 nemoribus,
1450 4482 1629 4556 montibus

221 4611 255 4674 et
269 4603 398 4699 planis,
420 4605 575 4700 pedagiis
593 4616 629 4678 et
646 4606 784 4700 juribus
799 4608 1007 4701 pedagiandi
1032 4617 1066 4679 et
1082 4605 1274 4702 portizandi
1298 4606 1334 4676 in
1351 4605 1628 4702 quibuscumque

221 4727 339 4820 terris,
357 4728 449 4801 villis
468 4740 504 4803 ct
517 4730 601 4805 locis
616 4730 858 4827 suprascriptis
871 4740 907 4804 et
925 4730 1076 4803 maxime
1092 4731 1127 4801 in
1145 4730 1239 4802 Pado
1249 4730 1352 4821 juxta
1370 4730 1488 4804 vitiam
1505 4752 1626 4826 supra·
