4306 5914
1012 625 1226 692 rurnurrcr
1251 627 1422 692 suebum
1729 632 1812 710 [Anu.
1830 633 1919 698 lure.

1470 929 1702 948 -mn

315 1243 481 1354 mpppm]
569 1216 802 1324 Wiilelmus‚
821 1217 1185 1323 rummandum,
1203 1215 1547 1306 Mediolanensibus
1565 1217 1695 1304 scribit
1710 1219 1815 1328 qnod
1832 1245 1921 1306 curn

515 1349 596 1460 ipse
618 1352 802 1462 nequiens
827 1351 876 1437 sd
899 1377 964 1438 eos
990 1351 1045 1435 ira
1068 1359 1221 1461 propter
1245 1349 1482 1438 obsidionem
1509 1351 1746 1461 Aquoniam,
1774 1352 1923 1440 consti-

516 1483 649 1568 tuiaset
664 1484 848 1570 vicarium
865 1483 1012 1594 imperii
1033 1482 1196 1572 electum
1217 1481 1432 1592 spirensem
1450 1495 1488 1566 et
1504 1484 1576 1568 iste
1591 1485 1755 1570 vicarius
1773 1483 1847 1570 sibi
1871 1485 1924 1572 sit

516 1617 769 1725 necessarius,
799 1615 986 1728 disposuit
1011 1617 1129 1698 alium
1156 1615 1385 1699 substituere
1406 1617 1612 1726 vicanum,
1637 1617 1778 1701 scilicet
1799 1619 1849 1702 ll.
1872 1618 1924 1704 da

516 1747 686 1858 Suppino
703 1749 880 1834 comitem
897 1747 1160 1852 Romauiolae‚
1182 1773 1306 1858 usque
1324 1749 1374 1831 ad
1388 1750 1593 1833 adrentum
1606 1775 1734 1833 enum.

597 1962 712 2042 (Edidit
721 1964 817 2028 Fam.
828 1963 934 2042 Ηιιιιι,
950 1962 1014 2025 Vct.
1026 1968 1055 2023 et
1066 1967 1175 2028 ment.
1189 1977 1317 2024 monum.
1329 1957 1464 2046 auom,
1475 1967 1499 2024 t.
1509 1963 1536 2046 1,
1546 1963 1637 2030 litter.
1650 1963 1776 2044 princip.
1790 1967 1920 2032 etvtrm.

520 2087 524 2096 ·
634 2069 756 2146 liiusir.‚
770 2087 799 2146 p.
817 2076 962 2146 265-257,
979 2077 1014 2129 ιιο
1029 2067 1092 2146 at.)

563 2257 780 2350 Wilhelmus,
797 2257 859 2329 Dei
875 2256 984 2352 gratia
1002 2256 1038 2327 in
1057 2276 1175 2347 regem
1193 2256 1425 2330 Romanorum
1440 2255 1572 2328 eiectus
1584 2267 1918 2351 compareamus,

514 2382 689 2454 nobilibus
702 2391 738 2453 et
753 2380 982 2477 prudentibus
994 2380 1079 2452 viris
1094 2381 1268 2476 potestati,
1284 2380 1471 2454 consiiinet
1481 2381 1644 2455 universo
1653 2383 1782 2478 populo
1794 2383 1923 2456 Medin-

516 2505 650 2578 lunensi
673 2505 807 2577 dilectis
831 2502 992 2577 fidelibus
1014 2504 1086 2576 suis
1105 2505 1251 2596 gratiam
1271 2525 1370 2578 suam
1387 2516 1422 2575 et
1437 2505 1563 2577 bonam
1580 2507 1806 2578 voluntatem.
1824 2508 1921 2580 Post-

515 2651 622 2724 quam
644 2651 776 2700 summe
799 2627 1084 2702 considerationis
1098 2627 1276 2723 dispositio
1291 2627 1554 2721 ineffabilisque
1570 2629 1715 2724 provide
1736 2630 1856 2702 statuit
1875 2631 1921 2704 ab

373 2799 377 2805 -
515 2763 635 2827 etarrm
649 2763 689 2824 nt
701 2774 764 2825 suo
779 2753 951 2825 ducantur
964 2751 1057 2824 nodo
1077 2751 1253 2844 regiminis
1273 2751 1450 2842 universa,
1467 2771 1531 2824 uns
1547 2750 1594 2825 nd
1606 2774 1708 2824 sunm
1724 2761 1760 2825 et
1777 2754 1918 2827 univer·

514 2878 595 2950 salis
607 2877 759 2952 Ecclesia
774 2876 951 2950 servitium
966 2876 1144 2966 evocavit,
1163 2875 1244 2948 licat
1258 2873 1502 2947 insufficientes
1516 2875 1630 2948 forent
1645 2885 1762 2949 nostre
1779 2877 1921 2973 possibi-

513 3003 619 3076 litatis
640 2999 777 3072 humeri
804 3021 867 3095 pro
894 2997 1052 3071 culminis
1081 2998 1165 3070 tanti
1193 2999 1326 3070 sarcina
1347 2997 1548 3089 subeunda,
1572 2999 1609 3070 in
1631 2999 1708 3092 ejus
1727 3010 1842 3072 tamen
1862 3001 1920 3074 oui

514 3125 643 3222 placuit
656 3126 876 3217 juventutem
893 3131 1046 3195 nostram
1063 3123 1232 3196 extollere
1248 3123 1367 3195 lavore
1383 3119 1518 3214 confisi,
1536 3143 1619 3194 cura
1632 3123 1727 3216 vigili
1741 3124 1777 3194 in
1791 3125 1919 3200 sollici·

516 3248 633 3326 tudine
663 3247 788 3321 mentis
814 3245 952 3318 assidua
983 3245 1099 3318 radios
1125 3246 1239 3317 totalis
1264 3254 1381 3323 nostre
1404 3245 1604 3320 intentionis
1629 3247 1850 3322 extendimus
1874 3249 1920 3321 ad

513 3380 638 3443 cuncta
659 3393 727 3465 qua
743 3369 982 3465 Redemptoris
1001 3370 1161 3466 gloriam,
1180 3369 1288 3468 ipsius
1301 3369 1541 3446 defensionem
1556 3370 1710 3446 Ecclesie
1723 3394 1765 3444 ac
1783 3384 1918 3446 nostro·

513 3517 591 3566 rum
606 3493 759 3566 fidelium
774 3494 919 3564 salutem
938 3491 1121 3588 respiciant
1134 3502 1170 3563 et
1182 3492 1348 3585 quietem.
1363 3493 1433 3564 Vos
1449 3492 1553 3584 igitur
1567 3492 1627 3587 qui
1643 3515 1705 3586 per
1721 3494 1802 3567 iacti
1817 3515 1921 3592 expe-

513 3618 673 3691 rientiam
687 3618 840 3690 favorem
853 3626 1009 3688 nostrum
1024 3618 1115 3687 inter
1132 3617 1217 3688 aiios
1232 3615 1353 3689 fideles
1368 3617 1503 3711 imperii
1519 3626 1555 3689 et
1569 3616 1716 3708 gratiam
1732 3619 1918 3710 meruistis,

513 3741 675 3837 amplecti
695 3750 812 3814 nostre
834 3739 1046 3812 celsitudinis
1067 3739 1218 3812 bracbiis
1240 3739 1460 3812 intendentes
1486 3751 1521 3812 et
1542 3739 1647 3812 vestri
1667 3741 1764 3812 velut
1783 3742 1919 3813 iliorum

512 3871 601 3960 quos
620 3865 657 3935 in
677 3864 809 3956 gremio
823 3864 918 3956 regie
931 3863 1124 3935 serenitatis
1141 3863 1352 3935 intendimus
1365 3874 1535 3959 perpetuo
1551 3883 1780 3954 conservare,
1798 3883 1920 3956 gerere

444 4047 449 4056 .
513 3989 779 4062 sollicitudinem
794 3989 952 4060 volentes
968 3999 1003 4059 et
1018 4008 1154 4077 curam,
1175 3997 1215 4057 ut
1230 3987 1386 4060 membra
1399 3985 1624 4082 dispositione
1648 3988 1920 4081 capitiscouaer·

511 4123 652 4203 veutur,
670 4113 716 4185 nd
730 4110 992 4208 opprimendam
1006 4109 1143 4183 illorum
1160 4111 1317 4186 sevitiam
1330 4133 1395 4206 per
1407 4131 1494 4204 qnos
1510 4112 1617 4183 multa
1632 4112 1776 4184 etruria
1790 4112 1920 4184 diutins

512 4237 775 4332 oppressionum
796 4255 923 4327 genera
938 4235 1088 4307 subiistis
1104 4246 1139 4308 et
1152 4235 1466 4331 recompensandos
1481 4235 1617 4308 labores
1633 4245 1766 4307 vestros
1778 4237 1922 4310 ratribu-

513 4360 606 4432 tione
627 4379 812 4430 munerum
835 4358 983 4448 liberali,
1002 4358 1047 4429 ad
1069 4369 1185 4453 partes
1200 4359 1296 4430 italie
1310 4359 1404 4450 regia
1426 4358 1557 4431 vexilla
1573 4359 1757 4430 victoriose
1773 4359 1921 4452 dirigere

513 4483 679 4555 duximus
692 4481 959 4576 disponendum.
972 4481 1042 4552 Sed
1056 4482 1140 4553 dum
1154 4482 1287 4555 obsidio
1301 4482 1449 4554 civitatis
1460 4481 1633 4576 Aquensis
1647 4493 1802 4554 nostrum
1814 4492 1921 4554 retar-

513 4607 613 4678 daret
628 4606 831 4696 adventum,
845 4604 1010 4676 dilectum
1027 4605 1214 4700 principem
1231 4605 1917 4701 nostrumjeiecturnSpirensomimparia·

512 4731 555 4802 lis
577 4731 657 4802 aule
678 4728 921 4801 cancellarium
941 4729 986 4801 ad
1008 4728 1147 4800 easdem
1167 4738 1282 4825 partes
1304 4730 1522 4825 providimus
1537 4729 1794 4806 destinandum.
1816 4731 1919 4821 Cujus
