4310 5908
480 551 540 614 ras
590 535 595 546 '
977 557 1190 620 rainnnrci
1215 559 1389 622 suenum
1693 561 1777 640 [nai.
1798 559 1883 624 issu.

479 687 653 762 lohannes
677 690 722 764 de
750 693 986 784 Senmonntis,
1015 694 1220 768 lambertus
1247 694 1398 786 lluabin,
1415 696 1539 791 Stepas
1559 707 1709 790 montes,
1729 695 1886 772 hlatheus

480 815 607 908 Burrn,
623 816 786 890 dominus
799 817 974 894 Iohannes
989 819 1178 892 eanonicus
1193 818 1237 892 de
1251 819 1417 916 Templo,
1435 818 1649 894 Guinnurulus
1664 821 1709 894 (ln
1724 819 1886 911 Cusenci,

480 939 591 1014 Robin
607 940 653 1013 de
668 941 801 1034 Robin,
820 942 1054 1038 Sinvonnoyt,
1069 942 1186 1014 Guilot
1201 941 1246 1014 de
1261 942 1440 1034 Nongent,
1456 942 1573 1016 Guilnt
1583 944 1706 1032 llenri,
1717 943 1888 1018 Ambnrar

480 1063 622 1152 Daniel,
640 1063 816 1138 lohannes
828 1066 937 1163 Levy,
954 1067 1104 1138 Ramant
1119 1067 1249 1157 Rolan,
1265 1064 1461 1161 Stephanus
1478 1065 1524 1138 de
1541 1068 1609 1140 Ber
1620 1089 1725 1163 snper
1740 1068 1884 1159 Albam,

479 1185 652 1262 lohannes
666 1189 711 1262 de
726 1191 855 1279 Vacat,
872 1189 1021 1263 Thomas
1036 1189 1082 1262 de
1096 1189 1212 1279 Conli,
1231 1189 1344 1262 Guido
1363 1188 1408 1262 de
1425 1191 1554 1262 saneto
1572 1191 1737 1281 Martiae,
1756 1190 1886 1288 Philip·

480 1333 546 1408 pus
561 1312 606 1385 tle
620 1315 747 1386 Sancto
763 1313 922 1404 hlartino,
938 1313 1141 1386 Guillelmus
1154 1313 1326 1405 Puehieis,
1342 1314 1464 1386 Petrus
1477 1312 1522 1386 de
1535 1314 1698 1405 Saviron,
1716 1313 1889 1388 Geranlus

480 1436 525 1508 de
540 1437 733 1530 Catalegia,
746 1438 952 1510 Guillelmus
964 1437 1120 1528 Ginrais,
1136 1437 1295 1510 Erandus
1308 1437 1354 1510 de
1369 1438 1496 1510 Sancto
1509 1438 1634 1530 Paulo,
1650 1439 1772 1511 Petrus
1784 1438 1889 1534 Capu·

480 1579 544 1632 ron
555 1613 565 1650 ,
578 1559 782 1632 Gnillelmus
794 1561 945 1657 Tenoyi,
964 1560 1076 1634 Guido
1090 1563 1336 1656 cappellanus,
1352 1561 1557 1633 Laurentius
1574 1563 1768 1658 presbyter,
1783 1562 1890 1635 Gunr·

479 1683 598 1757 nerius
614 1684 658 1757 de
674 1686 839 1776 Loveres,
855 1683 1050 1758 Lenonrdus
1063 1683 1108 1756 de
1126 1685 1296 1777 Leuvres,
1314 1685 1548 1758 bertraminus
1566 1686 1732 1776 clericus,
1748 1685 1890 1780 Egidius

481 1810 592 1897 naus,
615 1809 785 1882 Henricus
804 1808 849 1881 ue
873 1807 1059 1899 Chaalnns,
1075 1809 1279 1882 Guillelmus
1298 1808 1343 1881 de
1363 1810 1490 1881 Sancta
1505 1809 1658 1900 Peruna,
1680 1808 1829 1882 Thomas
1844 1808 1889 1883 de

480 1933 603 2026 lleugi,
620 1933 799 2015 llustacius
812 1933 975 2028 Poylaut,
990 1934 1162 2005 bobertus
1173 1932 1420 2024 Conistramus,
1436 1933 1583 2006 Peneius
1597 1933 1641 2005 de
1656 1932 1886 2019 Levialoneie,

481 2057 684 2130 Guillelmus
708 2057 752 2128 de
767 2057 840 2147 Nii,
857 2057 973 2128 James
989 2055 1139 2152 Raydis,
1156 2056 1337 2129 Betramns
1358 2056 1403 2130 de
1421 2056 1520 2147 Vies,
1542 2057 1705 2130 Nicolaus
1721 2056 1766 2130 de
1788 2057 1887 2148 vies,

482 2181 644 2255 dominns
670 2181 843 2254 Obbertus
866 2180 1050 2275 presbiter,
1072 2179 1232 2253 Bertinus
1248 2180 1766 2272 Denies,1anobusPinnaveni,
1784 2182 1890 2255 freter

481 2307 602 2378 Petrus
616 2306 661 2378 de
675 2305 836 2401 hospitali
849 2305 965 2377 Sancti
981 2303 1166 2392 Iohannis,
1182 2304 1353 2395 Gernsus,
1370 2303 1567 2398 Stephanus
1585 2304 1767 2398 presbiter,
1784 2306 1892 2377 frater

482 2430 705 2518 Gnillalmus,
720 2429 828 2500 irater
841 2428 1004 2519 Th0mas,
1023 2430 1146 2501 iratres
1163 2428 1284 2500 militie
1298 2429 1444 2524 Templi,
1463 2428 1576 2500 nuntii
1587 2427 1891 2502 comitisllicbartli

481 2553 596 2641 fratris
611 2549 662 2647 (a)
673 2552 765 2644 regis
777 2551 901 2643 Anglie
919 2572 981 2646 pro
990 2572 1117 2624 novem
1126 2552 1297 2647 personis,
1309 2551 1471 2625 dominns
1484 2551 1578 2644 Otto,
1590 2551 1754 2625 dominus
1771 2553 1891 2625 Simon

481 2677 582 2749 militi
605 2673 694 2771 (sic),
719 2672 845 2747 Delelit
869 2673 1079 2746 camerarius
1101 2696 1165 2770 pro
1184 2675 1307 2768 viginti
1334 2675 1516 2770 personis,
1540 2676 1703 2749 dominus
1716 2677 1833 2749 lloher
1846 2677 1891 2750 de

481 2801 572 2873 Nuiti
591 2821 654 2896 pro
673 2800 817 2886 desem,
846 2799 1008 2871 dominus
1026 2798 1200 2870 lohannes
1222 2799 1268 2870 de
1292 2799 1435 2894 Templo
1458 2820 1523 2896 pru
1545 2809 1694 2893 quatuor
1713 2799 1887 2895 personis,

480 2924 675 2996 Galibertus
696 2934 731 2994 et
746 2921 848 3012 sneii,
865 2921 979 2994 Arilla
996 2922 1187 3013 Talosana,
1212 2922 1343 2995 anillo
1364 2924 1532 2997 Talosano
1552 2943 1616 3020 pro
1634 2933 1785 3016 quatuor
1808 2944 1889 3020 per·

481 3048 593 3138 sunis,
626 3047 830 3134 Rincardus,
859 3045 1062 3119 Guillelmus
1088 3044 1330 3137 Marisnalcus,
1361 3046 1533 3120 Gollridus
1561 3047 1718 3137 Scottus,
1744 3045 1890 3120 Thomas

481 3171 665 3264 huglicus,
690 3171 893 3244 Guillelmus
920 3170 965 3243 de
997 3168 1162 3261 Aloneta,
1193 3169 1319 3244 Moises
1348 3179 1384 3244 et
1407 3169 1606 3267 Philippus,
1639 3169 1814 3243 lohannes
1845 3169 1890 3244 (le
2007 3245 2011 3252 ,

482 3295 648 3383 Galnrdo,
666 3294 780 3386 Ligier
794 3294 961 3366 Arnullns
983 3294 1179 3388 presbyter,
1203 3293 1374 3366 liebertus
1395 3293 1440 3367 de
1460 3293 1608 3383 Roseto,
1632 3293 1836 3366 Guillelmus
1855 3303 1892 3366 et

482 3419 576 3492 Simo
594 3421 717 3490 iratres
729 3417 775 3488 de
788 3417 991 3508 Nongento,
1005 3417 1080 3508 Ugo
1090 3427 1126 3490 et
1140 3416 1231 3488 (lant
1247 3415 1348 3506 socii,
1364 3416 1554 3507 Gilbertns,
1569 3415 1751 3506 Martinus,
1765 3416 1892 3489 llodnl·

482 3542 558 3632 fus,
580 3540 771 3631 lohannes,
794 3540 998 3612 Guillelmus
1014 3539 1128 3611 Bienrt
1143 3539 1247 3630 socii,
1270 3539 1445 3612 lohannes
1467 3538 1504 3612 Li
1521 3539 1670 3634 repties,
1687 3537 1892 3612 Gnillelmus

482 3665 612 3755 Barba,
640 3663 837 3736 Bernardus
856 3662 1032 3735 lohannes
1055 3663 1214 3756 Dangre,
1242 3663 1319 3736 Gilo
1343 3664 1449 3736 lruter
1470 3683 1578 3754 suus,
1595 3661 1763 3754 Rogerius
1785 3663 1893 3736 lrntnr

482 3811 587 3879 suus,
605 3788 737 3862 Eliudis
754 3787 798 3860 de
814 3786 930 3877 Plalli,
948 3787 1120 3860 oliverius
1135 3787 1369 3877 Alamannus,
1387 3785 1563 3859 lohannes
1574 3786 1772 3878 hlnntunus,
1790 3786 1892 3860 Guel-

484 3925 579 3987 terus
600 3913 761 4003 Biauvet,
784 3910 979 4007 Stephanus
1002 3909 1047 3983 de
1070 3911 1225 3984 Lesanna
1241 3909 1373 4003 griara,
1390 3910 1482 3984 Gilet
1499 3909 1545 3982 de
1566 3911 1693 3982 Sancto
1713 3909 1889 4000 Iohanne,

482 4037 680 4113 Florencius
695 4037 821 4128 Conse,
842 4034 1037 4110 hloreneins
1053 4033 1099 4106 de
1111 4037 1184 4108 Deo
1202 4033 1387 4127 Salvagio,
1404 4032 1592 4107 Rincanlus
1605 4033 1650 4106 de
1665 4035 1793 4108 &neto
1809 4034 1891 4108 llio·

483 4161 590 4253 nisio,
608 4160 784 4236 lohannes
798 4161 844 4232 de
859 4160 1009 4250 llurelli,
1032 4159 1224 4256 Gilopupus
1239 4157 1300 4256 (l),
1319 4157 1515 4254 Stephanus
1530 4157 1614 4231 Uele
1629 4156 1831 4232 Ansantnlei
1845 4157 1892 4234 de

483 4287 611 4358 Sancto
627 4285 798 4376 Dionisio,
817 4282 1002 4358 hlenardus
1018 4283 1184 4373 l’ouliers,
1198 4281 1348 4378 Gillayin
1359 4281 1532 4374 Duranie,
1548 4279 1715 4356 hunulfus
1731 4281 1890 4378 Gnipius,

482 4405 656 4480 lohannes
680 4409 797 4496 Sutor,
817 4407 964 4480 Viabilla
979 4427 1070 4480 uxor
1086 4426 1169 4497 sua,
1188 4406 1313 4480 ltaeius
1328 4405 1442 4497 Gilet,
1468 4404 1666 4502 Stephanus
1682 4405 1729 4478 da
1744 4405 1890 4498 Corbsi,

525 4673 567 4754 (a)
589 4673 624 4734 n
639 4672 875 4755 aurumne,
890 4639 989 4736 mua
