4352 5940
531 599 594 662 622
1037 599 1251 664 abluerunt
1273 597 1450 666 secubo!
1752 598 1831 682 [bru.
1849 597 1940 660 tata.

579 735 605 828 †
630 733 834 810 Gnillelmus
851 733 897 806 da
912 735 1040 806 Parisio
1053 736 1178 828 judex.

580 857 607 949 Τ
632 857 952 930 Bartholomeusde
969 859 1124 951 Turgisio
1135 861 1261 954 judex.

582 980 608 1072 †
633 982 791 1077 laspidus
807 980 898 1054 lilius
909 983 1038 1074 judicis
1053 985 1258 1058 Alexandri.

583 1108 608 1198 †
632 1106 705 1198 Ego
719 1106 872 1179 bbsalon
888 1107 1043 1178 neurius
1058 1109 1196 1200 Rogerii
1210 1109 1314 1180 filius.
1440 1197 1445 1205 .

583 1231 610 1322 †
633 1232 709 1322 Ego
724 1231 925 1302 Dominicus
938 1231 1037 1304 Griso
1052 1232 1219 1306 lobannis
1232 1231 1336 1305 lilius.

584 1351 812 1443 ilobannes
827 1352 919 1426 iilius
933 1355 1103 1429 Simeonis
1119 1357 1164 1429 de
1168 1407 1423 1428 .......
1450 1356 1572 1430 milite.

1595 1661 1729 1672 -—--—-

363 1931 480 2032 baffi·
592 1927 833 2012 Innocentius
855 1951 956 2040 papa
983 1926 1111 2010 abbati
1134 1929 1303 2040 Augensi
1325 1933 1553 2038 regratiatus
1576 1927 1682 2038 quod
1704 1927 1787 2037 ipse
1806 1926 1950 2014 omissa

539 2059 656 2172 priori
685 2060 785 2144 circa
810 2060 1005 2170 negotium
1031 2059 1220 2146 Ecclesiae
1246 2061 1500 2172 negligentia,
1530 2059 1765 2146 Hartmanno
1794 2058 1844 2144 de
1876 2056 1949 2142 lli-

539 2191 641 2302 burg
663 2203 700 2274 et
717 2192 803 2276 aliis
822 2193 1044 2278 Germaniae
1062 2193 1265 2278 comitibus
1283 2193 1440 2278 viriliter
1458 2205 1589 2278 contra
1616 2193 1835 2276 Conradum
1857 2189 1949 2276 Fri-

540 2324 656 2410 derioi
674 2325 870 2434 quondam
896 2325 1133 2435 imperatoris
1150 2326 1273 2410 filium
1298 2327 1503 2436 adstiterit,
1527 2351 1693 2436 eumque
1718 2325 1759 2406 in
1785 2324 1950 2436 msam

540 2453 730 2543 Emlcsiae
749 2456 922 2542 resumit.

625 2668 727 2752 (uota.
741 2673 915 2745 Rursum„
931 2668 1043 2732 Annei.
1059 2667 1154 2733 aete.
1169 2673 1209 2734 ad
1222 2688 1294 2735 ann.
1312 2681 1400 2748 1²48,
1415 2673 1433 2752 S
1446 2672 1544 2756 XVI.)

592 2858 827 2950 Innocentius,
846 2869 930 2952 etc,
946 2859 1065 2934 abbati
1082 2858 1235 2952 Augensi
1247 2857 1517 2933 constantiensis
1530 2859 1692 2950 maresia,
1711 2865 1778 2930 etc.
1796 2853 1951 2930 Venera-

543 2979 623 3055 bilis
639 2982 752 3056 lratris
766 2983 877 3057 nostri
893 2983 1161 3056 constantiensis
1176 2984 1328 3079 episcopi
1346 2993 1382 3056 et
1398 2984 1603 3056 dilectorum
1619 2981 1770 3055 filiorum
1784 2981 1953 3055 nobilium

545 3107 698 3181 virorum
716 3107 759 3178 Η.
774 3107 819 3180 de
834 3107 1012 3204 Kybumb,
1028 3107 1066 3180 L.
1086 3108 1130 3181 de
1143 3108 1304 3200 Fonbuit,
1321 3109 1363 3181 G.
1383 3107 1428 3180 de
1446 3107 1630 3201 Signering
1648 3115 1684 3179 et
1701 3107 1744 3178 ll.
1763 3104 1807 3179 de
1822 3101 1954 3179 Cruen

544 3231 646 3324 vigeo
657 3227 709 3326 (l)
724 3231 902 3320 comitum,
918 3231 1073 3304 Romane
1086 3231 1239 3304 Ecclesia
1251 3231 1473 3323 devotorum,
1492 3253 1556 3326 per
1573 3230 1705 3303 litteras
1722 3225 1824 3302 nobis
1841 3223 1957 3301 extitit

545 3354 844 3447 intimatumquorl
854 3355 882 3426 si
894 3354 1063 3427 hactenns
1075 3355 1166 3427 cirea
1184 3354 1365 3448 negotium
1377 3353 1531 3426 Ecclesia
1544 3355 1640 3427 visus
1652 3353 1761 3425 iberis
1775 3350 1956 3444 negligens

546 3488 583 3551 et
596 3479 774 3570 remissus,
795 3479 957 3574 provenit
972 3502 1018 3552 ex
1035 3479 1220 3570 industria,
1240 3499 1313 3551 non
1331 3478 1548 3551 contumacia
1566 3477 1624 3551 vel
1639 3475 1796 3568 delectu,
1811 3487 1853 3546 nt
1871 3471 1957 3570 ipsis

547 3601 806 3696 opportunitate
825 3612 965 3698 raptata
987 3604 1098 3696 magis
1123 3623 1242 3698 posses
1263 3602 1464 3675 resistentes
1483 3600 1660 3674 offendere
1681 3617 1786 3695 mam
1808 3595 1954 3688 offendi,

548 3724 711 3820 opinione
735 3747 799 3820 pro
819 3725 973 3820 ipsomm
997 3725 1187 3799 assertione
1206 3727 1421 3799 manifestius
1442 3725 1590 3799 iaciente
1615 3723 1710 3819 qnod
1737 3743 1818 3796 enm
1842 3741 1957 3818 nuper

548 3848 726 3922 Conradus
742 3858 846 3922 natus
864 3849 1028 3922 Friderici
1042 3851 1220 3944 quondam
1236 3849 1467 3947 imperatoris,
1483 3849 1677 3944 aggregatis
1694 3847 1852 3940 undique
1871 3845 1956 3917 viri·

548 3972 628 4063 bus,
646 3991 718 4046 non
734 3970 919 4046 attendens
934 3974 1029 4066 qnod
1044 3975 1163 4047 nonin
1179 3973 1400 4047 multitudine
1417 3974 1591 4046 exercitos
1607 3970 1753 4046 victoria
1774 3967 1875 4062 belli,
1893 3969 1957 4041 sed

547 4107 602 4170 est
616 4097 661 4168 de
678 4098 753 4168 calc
770 4098 1009 4170 tantummodo
1026 4099 1208 4191 fortitudo,
1223 4119 1304 4172 orm
1317 4099 1401 4194 ipsis
1414 4097 1597 4171 eomibhus
1611 4093 1777 4191 congredi
1794 4105 1959 4167 attentas-

548 4232 616 4310 set,
633 4221 770 4294 astitisti
784 4222 834 4294 eis
851 4221 996 4294 viriliter
1011 4231 1047 4295 et
1058 4231 1219 4319 poleam
1234 4241 1314 4295 cum
1330 4220 1468 4295 decenti
1486 4231 1698 4296 armatorum
1712 4229 1748 4293 et
1761 4213 1958 4291 honorabili

549 4345 725 4437 comitiva,
741 4345 789 4418 ita
806 4346 902 4439 qaod
916 4359 1118 4442 persecutor
1129 4347 1282 4420 Ecclesia
1300 4355 1396 4440 terga
1410 4357 1565 4438 senens,
1580 4345 1708 4419 relictis
1718 4341 1824 4417 rebus
1836 4362 1959 4442 quam·

587 4623 622 4697 (tl
640 4622 746 4681 Scilicet
758 4625 939 4683 llartmanuus
953 4624 986 4683 de
999 4625 1115 4698 Kiburg,
1129 4625 1292 4684 Ludewious
1305 4625 1338 4684 de
1355 4623 1491 4700 limburg,
1506 4621 1672 4684 Gottelridue
1688 4623 1723 4682 de
1737 4619 1920 4700 Sigmaringen
1929 4627 1959 4677 et

550 4721 730 4779 Hartmannus
741 4723 776 4781 de
790 4722 956 4796 Griiningen,
969 4729 999 4780 ut
1011 4737 1061 4781 nos
1073 4730 1165 4783 monet
1177 4724 1311 4796 simu,
1331 4721 1469 4782 Wtrtemt.
1483 4723 1591 4794 Gecb„
1604 4729 1625 4780 t.
1640 4719 1674 4794 ll,
1686 4735 1716 4796 p.
1729 4719 1793 4779 aot.
