4318 5904
773 617 1086 682 ADDITAMENTA.
1572 613 1634 678 uta

275 757 424 832 Domino
436 754 591 830 Mattheo
605 754 652 827 de
666 754 779 828 Luciis
792 754 988 828 restitutum
1002 764 1153 854 castrum
1168 753 1280 844 Lucii,
1300 751 1427 824 casalia
1438 750 1584 824 Piscarie
1599 760 1635 823 et

227 883 339 958 nodis
371 891 407 956 et
432 881 602 954 medietas
624 879 747 952 casalis
775 879 954 970 Ordieani,
982 879 1090 954 annui
1109 877 1238 952 valoris
1256 876 1437 950 unciarum
1457 877 1523 948 XX
1553 897 1634 950 curu

224 1008 363 1100 juribus
386 1004 575 1097 distinctis,
596 1025 665 1098 que
688 1013 800 1076 castra
820 1004 961 1076 luerunt
975 1002 1162 1076 confiscata
1181 1001 1361 1076 occasione
1379 1000 1635 1094 corupirotiooir

226 1133 402 1224 suprafato
417 1151 480 1226 per
498 1127 677 1200 dominnm
692 1129 854 1218 Perrum,
871 1128 1011 1200 lratrem
1028 1127 1194 1218 majorem
1218 1125 1302 1198 dicti
1323 1123 1455 1197 domini
1474 1123 1630 1216 Matthei,

228 1256 291 1349 qni
313 1264 435 1350 captus
447 1252 512 1325 luit
526 1252 691 1324 etmissns
707 1251 744 1322 in
760 1251 908 1324 insulam
926 1253 1030 1324 Malle
1044 1251 1106 1322 nbi
1122 1258 1280 1322 mortuus
1296 1248 1372 1320 luit.
1387 1249 1430 1320 Et
1443 1248 1489 1320 ob
1505 1249 1634 1320 dictam

229 1377 520 1474 conspirationem
534 1376 722 1470 imperator
735 1374 929 1448 Fridericus
944 1375 1021 1470 oapi
1038 1374 1119 1447 lecit
1137 1374 1224 1446 duas
1239 1394 1375 1447 sorores
1389 1371 1522 1446 domini
1538 1372 1635 1444 Perri

230 1513 267 1574 et
287 1523 346 1574 eas
364 1501 521 1574 comburi
541 1522 622 1573 cum
644 1501 721 1572 aliis
741 1500 898 1596 pluribus
915 1500 1010 1595 apud
1023 1498 1217 1594 Neapolim.
1233 1537 1284 1552 -
1296 1498 1430 1568 Arellio.
1448 1497 1632 1590 Neapolit„

230 1627 348 1700 lascio.
368 1623 428 1718 lu,
443 1626 504 1700 lol.
523 1626 609 1700 423.

287 2172 517 2272 Friderious,
538 2173 799 2258 Romanorum
821 2175 1042 2285 imperator,
1062 2173 1207 2258 civibus
1230 2173 1461 2258 Urbeveteris
1488 2175 1638 2258 nuntiat
1723 2177 1731 2226 ¹

232 2303 432 2388 victoriam
450 2332 473 2388 a
491 2332 531 2389 se
549 2307 598 2390 de
614 2305 819 2390 rebellibus
838 2307 985 2416 imperii
1001 2317 1244 2417 reportatam.

298 2477 414 2594 'rna
427 2539 465 2582 ex
478 2523 545 2583 eoa.
560 2521 638 2582 nist.
653 2523 763 2584 sinen.
778 2523 915 2596 ranan,
929 2522 967 2583 n.
985 2531 1021 2583 as
1037 2521 1133 2601 (isi),
1151 2522 1203 2583 ror.
1217 2530 1256 2585 as
1270 2521 1380 2601 verso.)

285 2707 477 2780 Fridericus
501 2708 702 2803 imperator,
718 2718 786 2781 eto.
808 2709 923 2796 Quum
942 2709 1083 2801 gloriosi
1105 2709 1268 2806 triumphi
1293 2709 1485 2782 sublimitas
1502 2710 1640 2783 fortune

235 2841 354 2904 nostre
370 2832 555 2928 participes
572 2855 661 2926 equa
678 2843 771 2906 sorte
784 2833 965 2906 universos
979 2833 1212 2929 amplectitur,
1228 2834 1374 2906 lelicem
1398 2845 1579 2906 exaustum
1596 2835 1640 2907 de

235 2955 352 3029 hostili
379 2956 473 3036 bello
494 2957 674 3030 victoriam
696 2957 741 3030 ad
764 2967 915 3030 vestram
944 2967 1104 3053 optamus
1135 2957 1293 3031 notitiam
1323 2958 1523 3053 pervenire,
1546 2957 1642 3051 quod

236 3081 388 3153 intrante
409 3081 573 3153 februarii
587 3081 644 3154 dic
658 3081 771 3173 Vllll·‚
790 3079 836 3154 ad
863 3081 987 3153 luroris
1006 3081 1122 3153 bellici
1146 3101 1269 3156 vocem
1291 3102 1387 3154 arma
1403 3082 1643 3177 producuntur

237 3205 284 3277 ad
300 3205 449 3296 bellum,
467 3204 624 3278 hostibus
635 3205 790 3278 victricia
803 3205 932 3277 vexilla
950 3205 1138 3296 minantur,
1169 3215 1204 3278 et
1229 3205 1503 3277 concertantium
1531 3207 1642 3279 virtus

237 3327 357 3400 unitur
369 3328 416 3400 ad
430 3329 598 3424 prelium,
616 3338 652 3401 et
673 3338 850 3425 assumpta
863 3329 1047 3401 victoriosa
1064 3338 1224 3423 potenter
1238 3328 1384 3400 audacia
1398 3329 1434 3400 in
1449 3328 1565 3402 hostes
1577 3352 1641 3426 po·

239 3462 353 3524 tenter
368 3451 571 3546 insurgitur,
590 3453 839 3548 impugnantur
850 3464 886 3525 et
899 3463 1155 3548 expugnantur,
1172 3462 1208 3524 ct
1221 3452 1351 3525 cedunt
1364 3451 1487 3545 gladiis
1499 3465 1535 3526 et
1550 3475 1645 3527 rece·

239 3573 346 3668 dunt,
373 3577 623 3669 succumbunt,
643 3577 895 3674 procumbunt,
911 3577 948 3647 in
966 3577 1076 3671 prelio
1093 3575 1287 3671 disparent,
1313 3587 1348 3649 et
1367 3577 1468 3650 solita
1490 3578 1544 3649 usi
1558 3598 1643 3651 con·

241 3699 377 3772 fusione
392 3722 464 3774 non
481 3711 623 3796 parent3
640 3723 749 3797 quare
766 3701 811 3772 ad
825 3711 937 3772 castra
951 3700 1172 3796 postmodum
1196 3699 1371 3774 victoriosi
1387 3701 1598 3794 redivimus,
1610 3712 1646 3775 et

240 3833 280 3895 ut
301 3822 348 3896 ad
370 3825 479 3918 glorie
494 3825 736 3922 triumphalem
750 3835 903 3897 montem
920 3825 1109 3896 amicorum
1124 3823 1331 3897 universitas
1344 3836 1462 3897 nostra
1476 3846 1644 3898 conscen-

241 3945 359 4041 deret,
382 3969 522 4022 carcere
538 3959 658 4022 nostro
669 3949 807 4021 castrali
818 3948 998 4039 detentos,
1017 3947 1251 4044 desperationi
1268 3948 1388 4020 mortis
1408 3949 1564 4021 addictos
1577 3947 1642 4044 (a),

241 4071 434 4165 longiorem
450 4072 598 4169 amplius
613 4073 684 4145 vite
701 4072 826 4145 lineam
841 4093 912 4145 non
929 4081 1127 4166 sperantes,
1150 4092 1214 4166 pro
1235 4071 1380 4143 mortuis
1394 4071 1517 4163 dignos
1535 4082 1645 4144 morte

241 4195 454 4290 recepimus,
482 4207 518 4268 et
538 4208 579 4269 ut
593 4195 756 4269 nobiliori
770 4198 887 4292 palma
905 4195 1015 4288 glorie
1031 4197 1238 4286 frueremur,
1255 4195 1394 4290 pietatis
1410 4204 1485 4267 arte
1501 4196 1640 4288 moniti,

242 4320 418 4391 merituris
440 4319 486 4418 (b)
509 4322 581 4393 vite
602 4322 729 4394 lineam
742 4319 918 4411 dedimus,
939 4330 974 4392 et
996 4319 1145 4390 vinculis
1181 4318 1301 4390 terreis
1327 4318 1486 4412 alligatos
1508 4320 1646 4391 censui·

243 4463 321 4514 mus
341 4444 539 4516 carceribus
561 4444 823 4540 mancipandos.
843 4443 950 4536 Igitur
962 4441 1145 4514 inexausta
1161 4442 1299 4515 lavente
1314 4441 1520 4532 clementia,
1537 4441 1649 4538 tripu·

284 4615 328 4696 (a)
350 4616 387 4678 n
400 4617 501 4680 oue
513 4585 620 4680 auos·

285 4720 325 4802 (l)
346 4722 407 4799 su,
423 4724 476 4788 ved
490 4724 616 4788 lorsltun
630 4724 705 4786 nori
717 4721 876 4799 mirsia,
892 4738 944 4785 sen
958 4722 1059 4802 potins
1070 4720 1172 4784 metu
1185 4721 1341 4786 amictu.
