4352 5940
528 638 591 702 cot
1034 637 1250 698 rnrnnnrcr
1273 635 1448 714 snouuor
1752 636 1834 714 [en.
1852 636 1942 700 rens.

529 773 658 846 crabile
668 772 851 868 flagitium,
860 771 1073 846 horrendum
1086 775 1323 868 spectaculum
1338 771 1393 844 bis
1408 771 1533 844 diebus
1547 791 1664 844 coram
1673 771 1898 864 Dcc,angelis
1907 783 1946 845 ει

529 897 729 972 hominibus
754 908 808 972 est
834 906 1086 993 perpetratum,
1103 917 1209 992 super
1232 919 1304 990 qno
1329 896 1474 969 deberet
1498 897 1614 968 celum
1639 895 1843 991 pallescere,
1861 897 1945 970 solis

529 1022 648 1096 radius
668 1023 761 1094 nube
784 1021 938 1118 palliari,
964 1020 1090 1116 sydera
1111 1020 1240 1093 obduci
1259 1021 1407 1114 caligine
1431 1032 1467 1093 ει
1490 1019 1590 1112 quasi
1614 1019 1730 1093 claudi
1749 1020 1942 1112 signaculo,

531 1157 623 1219 terra
638 1156 800 1238 tremere,
812 1167 907 1217 mare
924 1145 1167 1238 intumescere,
1180 1144 1305 1217 tinnire
1316 1165 1419 1216 aures
1431 1142 1661 1233 audientium,
1671 1143 1775 1216 corda
1790 1141 1945 1216 fidelium

530 1272 668 1346 concuti
689 1281 725 1342 ει
745 1293 846 1343 renes
866 1269 1133 1342 christianorum
1153 1269 1421 1342 contremiscere
1437 1289 1479 1339 ac
1494 1267 1541 1339 ad
1557 1268 1699 1340 ultionis
1718 1289 1844 1363 penam
1866 1290 1942 1340 oru-

530 1397 629 1469 nium
640 1395 980 1490 regum,principum
992 1404 1030 1474 ,ct
1041 1393 1188 1466 militum
1202 1415 1245 1467 ac
1257 1393 1501 1465 universorum
1511 1389 1668 1464 lidelium
1681 1392 1742 1487 qni
1754 1392 1946 1464 christiani-

531 1519 612 1593 tatis
628 1519 840 1615 professione
855 1525 1055 1607 censentur,
1076 1517 1182 1590 corda
1204 1517 1362 1590 excitari.
1382 1517 1471 1588 Ecce
1491 1516 1642 1612 qualitor
1656 1516 1821 1590 insanivit
1838 1537 1944 1612 preco

531 1643 670 1734 Zabuli,
683 1643 834 1716 Sathane
849 1642 1019 1732 vicarius,
1037 1641 1249 1737 prenuncins
1262 1640 1465 1714 Antichristi
1479 1649 1515 1712 ει
1527 1640 1682 1713 omnium
1699 1640 1942 1714 crudelitatum

532 1768 660 1842 artilex
668 1778 706 1840 ει
722 1768 934 1859 minister,et
946 1776 1123 1860 grassatus
1139 1776 1192 1838 est
1207 1766 1243 1837 in
1261 1764 1406 1838 christos
1420 1762 1558 1837 Domini
1573 1785 1788 1859 magnosque
1803 1762 1943 1860 pontili-

532 1913 592 1966 ces
616 1901 735 1964 sancto
757 1892 943 1964 chrismate
972 1890 1158 1964 delibutos.
1182 1889 1360 1984 Siquidem
1386 1889 1570 1962 recolende
1595 1888 1761 1962 memorie
1783 1889 1945 1962 dominus

532 2019 752 2090 Marcellinus
762 2016 925 2089 Aretinus
939 2015 1281 2112 episcopuscernens
1296 2014 1333 2086 in
1348 2035 1412 2086 sua
1425 2013 1565 2086 civitate
1580 2013 1830 2108 persecutionis
1841 2015 1945 2086 ollam

533 2143 658 2215 alaeie
676 2142 847 2235 aquilonis
862 2141 1089 2213 vehementer
1105 2161 1306 2212 succensam
1322 2149 1444 2212 contra
1458 2160 1495 2210 se
1508 2138 1655 2209 nimium
1667 2139 1827 2228 ebullire,
1843 2138 1945 2212 cessit

534 2267 686 2339 currenti
711 2265 819 2337 furori
843 2275 879 2336 et
902 2263 997 2359 apud
1021 2263 1201 2336 Anconam
1220 2262 1319 2336 Sedis
1336 2263 1533 2357 Apostolice
1556 2260 1662 2332 liliam
1687 2262 1942 2335 devotissimam

535 2390 635 2462 annis
648 2388 804 2484 pluribus
817 2388 853 2458 in
870 2386 1015 2482 penuria
1029 2387 1197 2458 exulavit.
1215 2387 1382 2482 Suscepto
1399 2384 1504 2478 igitur
1518 2385 1658 2456 tandem
1678 2396 1844 2482 precepto
1862 2406 1944 2480 apo·

536 2513 656 2586 stolico
675 2511 861 2608 plurimum
874 2509 1045 2582 laboravit
1066 2520 1106 2582 ut
1124 2510 1338 2584 llarcbiones
1352 2510 1401 2582 'de
1421 2509 1579 2582 faucibus
1594 2509 1756 2582 virulenti
1768 2509 1940 2598 draconis,

537 2637 580 2710 de
606 2635 740 2730 laqueis
763 2634 964 2708 venantium
986 2633 1186 2706 daemonum
1203 2642 1238 2705 et
1256 2635 1434 2730 tyrannica
1458 2633 1625 2706 servitute
1648 2645 1798 2726 erueret,
1816 2635 1852 2706 in
1874 2656 1943 2728 quo

536 2761 720 2835 videbatur
741 2782 803 2854 per
817 2759 880 2830 Dei
901 2758 1048 2850 gratiam
1066 2758 1317 2851 aliquantulum
1339 2759 1538 2854 proiecisse.
1561 2757 1709 2850 Contigit
1733 2767 1851 2830 antem
1871 2759 1941 2832 Do·

448 2919 450 2924 v
537 2885 631 2957 mino
654 2883 873 2978 permittente
894 2892 933 2954 ut
952 2881 987 2952 in
1009 2904 1133 2954 manns
1148 2882 1317 2954 incideret
1332 2881 1483 2954 hostium
1499 2891 1535 2953 ει
1551 2881 1683 2954 duriter
1698 2883 1732 2952 in
1750 2904 1888 2955 carcere
1902 2904 1943 2953 ac

536 3009 684 3080 vinculis
704 3017 919 3104 premeretur
938 3029 1001 3102 per
1021 3016 1091 3078 tres
1111 3029 1248 3078 menses
1266 3007 1465 3103 etamplius
1483 3029 1504 3078 a
1520 3007 1725 3080 satellitibus
1739 3007 1939 3079 Pharaonis.

537 3133 692 3226 Denique
711 3132 765 3203 vir
787 3131 993 3224 sanguinum
1015 3131 1218 3204 Fredericns
1240 3131 1300 3225 qui
1325 3141 1489 3224 tanquam
1518 3132 1624 3204 draco
1649 3131 1797 3203 saeviens
1824 3154 1865 3204 ac
1888 3133 1943 3204 leo

537 3257 677 3351 rugiens
692 3256 815 3328 circuit
839 3277 988 3350 querens
1004 3277 1109 3349 quem
1130 3255 1288 3347 devoret,
1304 3255 1464 3327 madidus
1482 3255 1649 3348 sanguine
1667 3255 1890 3328 innocentum
1910 3269 1945 3328 ct

535 3402 659 3452 cruore
680 3389 878 3451 sanctorum
900 3379 1035 3468 ebrius,
1053 3378 1120 3451 hoc
1142 3379 1262 3450 audito
1281 3379 1467 3474 plurimum
1487 3389 1539 3450 est
1560 3380 1686 3452 letatus
1706 3390 1741 3452 ει
1761 3380 1806 3452 ad
1829 3381 1943 3452 extin-

535 3504 713 3600 guendum
729 3503 792 3574 Dei
811 3505 987 3599 presulem
1010 3503 1122 3575 lerino
1140 3504 1256 3575 animo
1278 3503 1457 3597 aspiravit.
1473 3503 1643 3574 Nimirum
1659 3502 1716 3575 hic
1731 3503 1856 3599 impius
1871 3505 1945 3576 dux

535 3628 735 3724 prophanus
752 3625 897 3716 babens,
914 3627 1002 3698 sicut
1019 3637 1117 3721 pater
1139 3649 1222 3698 suus
1237 3626 1411 3716 diabolus,
1426 3635 1547 3699 contra
1567 3627 1630 3698 Dei
1650 3628 1839 3700 Ecclesiam
1858 3629 1943 3700 iram

536 3751 833 3844 magnam,sciens
851 3751 947 3845 qnod
960 3750 1135 3822 modicum
1153 3760 1290 3848 tempus
1303 3751 1590 3846 habet,protinue
1605 3753 1641 3823 in
1657 3753 1810 3826 lurorem
1827 3775 1944 3825 erum·

425 3901 429 3910 ·
535 3882 711 3973 pens,'0re
723 3874 845 3948 rabido
858 3875 1094 3969 suspensionis
1107 3885 1142 3946 ει
1149 3876 1262 3968 juguli
1275 3885 1396 3948 contra
1408 3876 1575 3948 christum
1589 3877 1726 3949 Domini
1737 3879 1944 3950 sententiam

536 4000 732 4073 fulminavit
745 3999 839 4094 apud
849 3999 1035 4071 Victoriam
1049 4000 1094 4072 ab
1113 4021 1154 4072 eo
1171 4000 1440 4088 fundatam,sed
1453 4001 1561 4072 titulis
1574 4000 1942 4076 fideliumadscribeu·

536 4125 710 4198 damlloo
723 4133 840 4195 autem
852 4133 968 4195 actum
985 4133 1038 4194 est
1050 4145 1120 4196 non
1135 4124 1210 4196 sine
1222 4125 1396 4220 stupendo
1408 4125 1589 4218 miraculo,
1599 4126 1700 4200 tertio
1710 4126 1874 4200 videlieet
1888 4127 1944 4200 die

535 4258 616 4320 ante
639 4270 741 4320 snum
765 4257 800 4318 et
822 4247 914 4318 illius
936 4246 1003 4319 loci
1024 4248 1269 4320 exterminium
1291 4248 1511 4344 triumphale.
1529 4250 1606 4346 lpsa
1625 4272 1777 4343 namque
1793 4251 1944 4322 Victoria

535 4373 627 4445 felici
655 4372 811 4467 auspicio
837 4382 959 4444 contra
983 4383 1105 4444 votum
1134 4373 1281 4446 furentis
1305 4373 1365 4468 qui
1388 4373 1421 4444 ei
1446 4395 1573 4448 nornen
1600 4374 1743 4466 indidit,
1771 4375 1945 4449 victoriosi

538 4495 672 4593 trophei
698 4496 888 4590 tripudium
909 4496 954 4568 de
974 4496 1087 4592 scipsa
1106 4500 1196 4591 parti
1215 4519 1393 4569 cessurum
1416 4499 1567 4570 Ecclesie
1587 4521 1651 4572 suo
1675 4499 1844 4571 vocabulo
1864 4519 1942 4595 prc-

537 4619 857 4714 signivit.Ceterum
875 4642 955 4692 cnm
968 4620 1099 4694 Averni
1110 4622 1273 4716 cyclopes
1285 4632 1321 4694 et
1329 4622 1473 4694 Vulcani
1485 4624 1651 4696 satellites
1662 4623 1728 4696 boc
1741 4623 1943 4696 mandatum

537 4765 633 4816 asuo
646 4744 802 4841 principe
818 4745 1045 4840 recepissent,
1058 4745 1228 4837 urgebant
1242 4745 1444 4841 episcopum
1459 4757 1499 4819 ut
1516 4747 1590 4844 ipse
1604 4747 1785 4820 dominum
1799 4767 1940 4843 papam,
