<?xml version="1.0" encoding="UTF-8"?>
<!DOCTYPE html PUBLIC "-//W3C//DTD XHTML 1.0 Transitional//EN"
    "http://www.w3.org/TR/xhtml1/DTD/xhtml1-transitional.dtd">
<html xmlns="http://www.w3.org/1999/xhtml" xml:lang="en" lang="en">
 <head>
  <title>
</title>
<meta http-equiv="Content-Type" content="text/html;charset=utf-8" />
  <meta name='ocr-system' content='tesseract 3.04.00' />
  <meta name='ocr-capabilities' content='ocr_page ocr_carea ocr_par ocr_line ocrx_word'/>
</head>
<body>
  <div class='ocr_page' id='page_1' title='image "./historiadiploma00fredgoog/historiadiploma00fredgoog_0394.png"; bbox 0 0 4318 5904; ppageno 0'>
   <div class='ocr_carea' id='block_1_1' title="bbox 774 597 1637 661">
    <p class='ocr_par' dir='ltr' id='par_1_1' title="bbox 774 597 1637 661">
     <span class='ocr_line' id='line_1_1' title="bbox 774 597 1637 661; baseline -0.001 0"><span class='ocrx_word' id='word_1_1' title='bbox 774 597 1085 661; x_wconf 75' lang='lat' dir='ltr'><strong>auolrtluaurn.</strong></span> <span class='ocrx_word' id='word_1_2' title='bbox 1575 598 1637 660; x_wconf 79' lang='lat'><strong>935</strong></span> 
     </span>
    </p>
   </div>
   <div class='ocr_carea' id='block_1_2' title="bbox 227 732 1639 1451">
    <p class='ocr_par' dir='ltr' id='par_1_2' title="bbox 227 732 1639 1451">
     <span class='ocr_line' id='line_1_2' title="bbox 227 732 1637 841; baseline -0.006 -26"><span class='ocrx_word' id='word_1_3' title='bbox 227 743 337 841; x_wconf 94' lang='lat' dir='ltr'><strong>phum</strong></span> <span class='ocrx_word' id='word_1_4' title='bbox 357 741 407 814; x_wconf 89' lang='lat' dir='ltr'><strong>sic</strong></span> <span class='ocrx_word' id='word_1_5' title='bbox 424 748 585 837; x_wconf 89' lang='lat' dir='ltr'><strong>potenter</strong></span> <span class='ocrx_word' id='word_1_6' title='bbox 602 737 791 834; x_wconf 85' lang='lat' dir='ltr'><strong>procedere</strong></span> <span class='ocrx_word' id='word_1_7' title='bbox 807 736 951 808; x_wconf 89' lang='lat' dir='ltr'><strong>valeatis</strong></span> <span class='ocrx_word' id='word_1_8' title='bbox 973 735 1069 830; x_wconf 89' lang='lat' dir='ltr'><strong>quod</strong></span> <span class='ocrx_word' id='word_1_9' title='bbox 1089 734 1136 808; x_wconf 90' lang='lat' dir='ltr'><strong>ad</strong></span> <span class='ocrx_word' id='word_1_10' title='bbox 1154 733 1417 806; x_wconf 88' lang='lat' dir='ltr'><strong>retributionem</strong></span> <span class='ocrx_word' id='word_1_11' title='bbox 1438 732 1637 807; x_wconf 89' lang='lat' dir='ltr'><strong>munificam</strong></span> 
     </span>
     <span class='ocr_line' id='line_1_3' title="bbox 229 856 1637 961; baseline -0.006 -23"><span class='ocrx_word' id='word_1_12' title='bbox 229 889 336 961; x_wconf 91' lang='lat' dir='ltr'><strong>quam</strong></span> <span class='ocrx_word' id='word_1_13' title='bbox 352 874 495 961; x_wconf 92' lang='lat' dir='ltr'><strong>propter</strong></span> <span class='ocrx_word' id='word_1_14' title='bbox 512 863 578 935; x_wconf 91' lang='lat' dir='ltr'><strong>hec</strong></span> <span class='ocrx_word' id='word_1_15' title='bbox 596 862 715 935; x_wconf 88' lang='grc'><strong>818118</strong></span> <span class='ocrx_word' id='word_1_16' title='bbox 736 870 851 934; x_wconf 83' lang='lat' dir='ltr'><strong>vestre</strong></span> <span class='ocrx_word' id='word_1_17' title='bbox 871 858 1065 933; x_wconf 91' lang='lat' dir='ltr'><strong>devotionis</strong></span> <span class='ocrx_word' id='word_1_18' title='bbox 1083 859 1252 952; x_wconf 87' lang='lat' dir='ltr'><strong>obsequia</strong></span> <span class='ocrx_word' id='word_1_19' title='bbox 1274 856 1389 930; x_wconf 88' lang='lat' dir='ltr'><strong>stabili</strong></span> <span class='ocrx_word' id='word_1_20' title='bbox 1411 867 1527 930; x_wconf 85' lang='lat' dir='ltr'><strong>mente</strong></span> <span class='ocrx_word' id='word_1_21' title='bbox 1552 879 1637 930; x_wconf 88' lang='lat' dir='ltr'><strong>con·</strong></span> 
     </span>
     <span class='ocr_line' id='line_1_4' title="bbox 231 980 1638 1085; baseline -0.006 -23"><span class='ocrx_word' id='word_1_22' title='bbox 231 990 400 1085; x_wconf 86' lang='lat' dir='ltr'><strong>cepimus,</strong></span> <span class='ocrx_word' id='word_1_23' title='bbox 418 1009 482 1083; x_wconf 95' lang='lat' dir='ltr'><strong>per</strong></span> <span class='ocrx_word' id='word_1_24' title='bbox 499 985 688 1058; x_wconf 88' lang='lat' dir='ltr'><strong>efficaciam</strong></span> <span class='ocrx_word' id='word_1_25' title='bbox 704 993 898 1057; x_wconf 89' lang='lat' dir='ltr'><strong>vestrorum</strong></span> <span class='ocrx_word' id='word_1_26' title='bbox 915 1003 1060 1078; x_wconf 91' lang='lat' dir='ltr'><strong>operum</strong></span> <span class='ocrx_word' id='word_1_27' title='bbox 1070 982 1239 1054; x_wconf 88' lang='lat' dir='ltr'><strong>libentius</strong></span> <span class='ocrx_word' id='word_1_28' title='bbox 1254 980 1472 1053; x_wconf 84' lang='lat' dir='ltr'><strong>inducamur.</strong></span> <span class='ocrx_word' id='word_1_29' title='bbox 1490 981 1638 1054; x_wconf 87' lang='lat' dir='ltr'><strong>Securos</strong></span> 
     </span>
     <span class='ocr_line' id='line_1_5' title="bbox 231 1103 1639 1201; baseline -0.007 -16"><span class='ocrx_word' id='word_1_30' title='bbox 231 1115 325 1186; x_wconf 88' lang='lat' dir='ltr'><strong>enim</strong></span> <span class='ocrx_word' id='word_1_31' title='bbox 348 1133 411 1184; x_wconf 91' lang='lat' dir='ltr'><strong>vos</strong></span> <span class='ocrx_word' id='word_1_32' title='bbox 431 1133 507 1182; x_wconf 91' lang='lat' dir='ltr'><strong>esse</strong></span> <span class='ocrx_word' id='word_1_33' title='bbox 525 1111 686 1182; x_wconf 88' lang='lat' dir='ltr'><strong>volumus</strong></span> <span class='ocrx_word' id='word_1_34' title='bbox 709 1107 821 1201; x_wconf 91' lang='lat' dir='ltr'><strong>quod,</strong></span> <span class='ocrx_word' id='word_1_35' title='bbox 842 1107 932 1178; x_wconf 89' lang='lat' dir='ltr'><strong>sicut</strong></span> <span class='ocrx_word' id='word_1_36' title='bbox 950 1115 1145 1178; x_wconf 83' lang='lat' dir='ltr'><strong>vestrorum</strong></span> <span class='ocrx_word' id='word_1_37' title='bbox 1162 1104 1353 1199; x_wconf 89' lang='lat' dir='ltr'><strong>quemlibet</strong></span> <span class='ocrx_word' id='word_1_38' title='bbox 1364 1103 1401 1175; x_wconf 94' lang='lat' dir='ltr'><strong>in</strong></span> <span class='ocrx_word' id='word_1_39' title='bbox 1416 1103 1542 1176; x_wconf 88' lang='lat' dir='ltr'><strong>nostris</strong></span> <span class='ocrx_word' id='word_1_40' title='bbox 1560 1127 1639 1178; x_wconf 90' lang='lat' dir='ltr'><strong>ser-</strong></span> 
     </span>
     <span class='ocr_line' id='line_1_6' title="bbox 229 1227 1639 1328; baseline -0.005 -20"><span class='ocrx_word' id='word_1_41' title='bbox 229 1237 324 1309; x_wconf 85' lang='lat' dir='ltr'><strong>vitiis</strong></span> <span class='ocrx_word' id='word_1_42' title='bbox 345 1236 436 1307; x_wconf 91' lang='lat' dir='ltr'><strong>vires</strong></span> <span class='ocrx_word' id='word_1_43' title='bbox 456 1245 493 1306; x_wconf 89' lang='lat' dir='ltr'><strong>et</strong></span> <span class='ocrx_word' id='word_1_44' title='bbox 510 1233 646 1306; x_wconf 89' lang='lat' dir='ltr'><strong>animos</strong></span> <span class='ocrx_word' id='word_1_45' title='bbox 668 1232 825 1328; x_wconf 90' lang='lat' dir='ltr'><strong>proprios</strong></span> <span class='ocrx_word' id='word_1_46' title='bbox 848 1252 1013 1302; x_wconf 84' lang='lat' dir='ltr'><strong>exercere</strong></span> <span class='ocrx_word' id='word_1_47' title='bbox 1033 1229 1246 1318; x_wconf 84' lang='lat' dir='ltr'><strong>videbimus,</strong></span> <span class='ocrx_word' id='word_1_48' title='bbox 1266 1228 1315 1300; x_wconf 91' lang='lat' dir='ltr'><strong>sic</strong></span> <span class='ocrx_word' id='word_1_49' title='bbox 1333 1238 1369 1300; x_wconf 90' lang='grc'><strong>81</strong></span> <span class='ocrx_word' id='word_1_50' title='bbox 1390 1227 1426 1298; x_wconf 87' lang='grc'><strong>18</strong></span> <span class='ocrx_word' id='word_1_51' title='bbox 1446 1230 1639 1322; x_wconf 89' lang='lat' dir='ltr'><strong>quemlibet</strong></span> 
     </span>
     <span class='ocr_line' id='line_1_7' title="bbox 230 1351 1357 1451; baseline -0.007 -19"><span class='ocrx_word' id='word_1_52' title='bbox 230 1359 447 1433; x_wconf 74' lang='lat' dir='ltr'><strong>liberalitatis</strong></span> <span class='ocrx_word' id='word_1_53' title='bbox 461 1368 579 1431; x_wconf 91' lang='lat' dir='ltr'><strong>nostre</strong></span> <span class='ocrx_word' id='word_1_54' title='bbox 597 1359 779 1430; x_wconf 88' lang='lat' dir='ltr'><strong>dexteram</strong></span> <span class='ocrx_word' id='word_1_55' title='bbox 796 1354 1099 1451; x_wconf 85' lang='lat' dir='ltr'><strong>proportionaliter</strong></span> <span class='ocrx_word' id='word_1_56' title='bbox 1115 1351 1357 1425; x_wconf 85' lang='lat' dir='ltr'><strong>extendemus.</strong></span> 
     </span>
    </p>
   </div>
   <div class='ocr_carea' id='block_1_3' title="bbox 440 1637 715 1651">
    <p class='ocr_par' dir='ltr' id='par_1_3' title="bbox 440 1637 715 1651">
     <span class='ocr_line' id='line_1_8' title="bbox 440 1637 715 1651; baseline -0.011 0"><span class='ocrx_word' id='word_1_57' title='bbox 440 1637 715 1651; x_wconf 58' lang='lat' dir='ltr'><strong>m</strong></span> 
     </span>
    </p>
   </div>
   <div class='ocr_carea' id='block_1_4' title="bbox 287 1889 1839 2001">
    <p class='ocr_par' dir='ltr' id='par_1_4' title="bbox 287 1889 1839 2001">
     <span class='ocr_line' id='line_1_9' title="bbox 287 1889 1839 2001; baseline -0.005 -25"><span class='ocrx_word' id='word_1_58' title='bbox 287 1892 528 1976; x_wconf 89' lang='lat' dir='ltr'><strong>Innocentius</strong></span> <span class='ocrx_word' id='word_1_59' title='bbox 552 1917 652 1999; x_wconf 90' lang='lat' dir='ltr'><strong>papa</strong></span> <span class='ocrx_word' id='word_1_60' title='bbox 678 1890 864 2000; x_wconf 88' lang='lat' dir='ltr'><strong>episcopis</strong></span> <span class='ocrx_word' id='word_1_61' title='bbox 890 1889 1154 2001; x_wconf 88' lang='lat' dir='ltr'><strong>llatisponensi</strong></span> <span class='ocrx_word' id='word_1_62' title='bbox 1181 1901 1218 1973; x_wconf 92' lang='lat' dir='ltr'><strong>et</strong></span> <span class='ocrx_word' id='word_1_63' title='bbox 1243 1890 1458 1975; x_wconf 88' lang='lat' dir='ltr'><strong>Missinensi</strong></span> <span class='ocrx_word' id='word_1_64' title='bbox 1483 1891 1643 1972; x_wconf 90' lang='lat' dir='ltr'><strong>mandat</strong></span> <span class='ocrx_word' id='word_1_65' title='bbox 1695 1913 1750 1999; x_wconf 66' lang='lat' dir='ltr'><strong>‚gt</strong></span> <span class='ocrx_word' id='word_1_66' title='bbox 1767 1912 1796 1944; x_wconf 72' lang='lat'><strong>¹¹³</strong></span> <span class='ocrx_word' id='word_1_67' title='bbox 1811 1929 1839 1994; x_wconf 86' lang='lat'><strong>’.</strong></span> 
     </span>
    </p>
   </div>
   <div class='ocr_carea' id='block_1_5' title="bbox 233 2023 1644 2665">
    <p class='ocr_par' dir='ltr' id='par_1_5' title="bbox 233 2023 1644 2665">
     <span class='ocr_line' id='line_1_10' title="bbox 233 2023 1643 2135; baseline -0.001 -27"><span class='ocrx_word' id='word_1_68' title='bbox 233 2027 339 2135; x_wconf 91' lang='lat' dir='ltr'><strong>quod</strong></span> <span class='ocrx_word' id='word_1_69' title='bbox 357 2026 396 2107; x_wconf 93' lang='lat' dir='ltr'><strong>in</strong></span> <span class='ocrx_word' id='word_1_70' title='bbox 415 2036 613 2132; x_wconf 87' lang='lat' dir='ltr'><strong>magnates</strong></span> <span class='ocrx_word' id='word_1_71' title='bbox 634 2025 741 2134; x_wconf 82' lang='lat' dir='ltr'><strong>regni</strong></span> <span class='ocrx_word' id='word_1_72' title='bbox 761 2024 964 2106; x_wconf 88' lang='lat' dir='ltr'><strong>Bohemiae</strong></span> <span class='ocrx_word' id='word_1_73' title='bbox 977 2050 1089 2134; x_wconf 81' lang='lat' dir='ltr'><strong>agere</strong></span> <span class='ocrx_word' id='word_1_74' title='bbox 1107 2023 1270 2107; x_wconf 92' lang='lat' dir='ltr'><strong>debeant</strong></span> <span class='ocrx_word' id='word_1_75' title='bbox 1282 2023 1364 2132; x_wconf 93' lang='lat' dir='ltr'><strong>qui,</strong></span> <span class='ocrx_word' id='word_1_76' title='bbox 1382 2048 1493 2106; x_wconf 88' lang='lat' dir='ltr'><strong>cruce</strong></span> <span class='ocrx_word' id='word_1_77' title='bbox 1510 2033 1643 2106; x_wconf 86' lang='lat' dir='ltr'><strong>contra</strong></span> 
     </span>
     <span class='ocr_line' id='line_1_11' title="bbox 234 2155 1644 2267; baseline -0.001 -27"><span class='ocrx_word' id='word_1_78' title='bbox 234 2158 263 2240; x_wconf 89' lang='lat' dir='ltr'>F</span> <span class='ocrx_word' id='word_1_79' title='bbox 265 2157 468 2240; x_wconf 91' lang='lat' dir='ltr'><strong>ridericum</strong></span> <span class='ocrx_word' id='word_1_80' title='bbox 487 2158 682 2267; x_wconf 88' lang='lat' dir='ltr'><strong>quondam</strong></span> <span class='ocrx_word' id='word_1_81' title='bbox 700 2157 967 2266; x_wconf 87' lang='lat' dir='ltr'><strong>imperatorem</strong></span> <span class='ocrx_word' id='word_1_82' title='bbox 986 2169 1197 2266; x_wconf 87' lang='lat' dir='ltr'><strong>assumpta,</strong></span> <span class='ocrx_word' id='word_1_83' title='bbox 1214 2158 1263 2239; x_wconf 93' lang='lat' dir='ltr'><strong>ad</strong></span> <span class='ocrx_word' id='word_1_84' title='bbox 1282 2168 1407 2266; x_wconf 87' lang='lat' dir='ltr'><strong>partes</strong></span> <span class='ocrx_word' id='word_1_85' title='bbox 1425 2155 1508 2266; x_wconf 90' lang='lat' dir='ltr'><strong>ejus</strong></span> <span class='ocrx_word' id='word_1_86' title='bbox 1522 2157 1644 2240; x_wconf 89' lang='lat' dir='ltr'><strong>redie-</strong></span> 
     </span>
     <span class='ocr_line' id='line_1_12' title="bbox 233 2289 1641 2399; baseline -0.001 -27"><span class='ocrx_word' id='word_1_87' title='bbox 233 2301 325 2373; x_wconf 92' lang='lat' dir='ltr'><strong>runt</strong></span> <span class='ocrx_word' id='word_1_88' title='bbox 355 2291 632 2399; x_wconf 85' lang='lat' dir='ltr'><strong>consiliumque</strong></span> <span class='ocrx_word' id='word_1_89' title='bbox 659 2300 696 2371; x_wconf 91' lang='grc'><strong>81</strong></span> <span class='ocrx_word' id='word_1_90' title='bbox 723 2290 910 2373; x_wconf 88' lang='lat' dir='ltr'><strong>auxilium</strong></span> <span class='ocrx_word' id='word_1_91' title='bbox 938 2291 1060 2372; x_wconf 91' lang='lat' dir='ltr'><strong>eidem</strong></span> <span class='ocrx_word' id='word_1_92' title='bbox 1086 2289 1299 2373; x_wconf 85' lang='lat' dir='ltr'><strong>conferunt.</strong></span> <span class='ocrx_word' id='word_1_93' title='bbox 1332 2290 1371 2372; x_wconf 91' lang='lat' dir='ltr'><strong>Si</strong></span> <span class='ocrx_word' id='word_1_94' title='bbox 1399 2289 1641 2398; x_wconf 87' lang='lat' dir='ltr'><strong>resipiscant,</strong></span> 
     </span>
     <span class='ocr_line' id='line_1_13' title="bbox 235 2421 1643 2533; baseline 0 -28"><span class='ocrx_word' id='word_1_95' title='bbox 235 2424 399 2533; x_wconf 86' lang='lat' dir='ltr'><strong>gratiam</strong></span> <span class='ocrx_word' id='word_1_96' title='bbox 417 2434 455 2505; x_wconf 89' lang='grc'><strong>81</strong></span> <span class='ocrx_word' id='word_1_97' title='bbox 472 2423 640 2506; x_wconf 82' lang='lat' dir='ltr'><strong>favorem</strong></span> <span class='ocrx_word' id='word_1_98' title='bbox 659 2449 705 2504; x_wconf 85' lang='lat' dir='ltr'><strong>ex</strong></span> <span class='ocrx_word' id='word_1_99' title='bbox 729 2433 836 2530; x_wconf 87' lang='lat' dir='ltr'><strong>parte</strong></span> <span class='ocrx_word' id='word_1_100' title='bbox 858 2423 959 2532; x_wconf 83' lang='lat' dir='ltr'><strong>regis</strong></span> <span class='ocrx_word' id='word_1_101' title='bbox 986 2422 1188 2505; x_wconf 90' lang='lat' dir='ltr'><strong>Bohemiae</strong></span> <span class='ocrx_word' id='word_1_102' title='bbox 1214 2423 1269 2505; x_wconf 84' lang='lat' dir='ltr'><strong>eis</strong></span> <span class='ocrx_word' id='word_1_103' title='bbox 1296 2422 1515 2531; x_wconf 72' lang='lat' dir='ltr'><strong>pollicetur,</strong></span> <span class='ocrx_word' id='word_1_104' title='bbox 1537 2421 1643 2505; x_wconf 90' lang='lat' dir='ltr'><strong>alio-</strong></span> 
     </span>
     <span class='ocr_line' id='line_1_14' title="bbox 235 2555 1023 2665; baseline -0.004 -27"><span class='ocrx_word' id='word_1_105' title='bbox 235 2556 328 2665; x_wconf 89' lang='lat' dir='ltr'><strong>quin</strong></span> <span class='ocrx_word' id='word_1_106' title='bbox 348 2556 737 2639; x_wconf 83' lang='lat' dir='ltr'><strong>excommunicatione</strong></span> <span class='ocrx_word' id='word_1_107' title='bbox 755 2555 1023 2664; x_wconf 89' lang='lat' dir='ltr'><strong>percellantur.</strong></span> 
     </span>
    </p>
   </div>
   <div class='ocr_carea' id='block_1_6' title="bbox 321 2770 1506 2854">
    <p class='ocr_par' dir='ltr' id='par_1_6' title="bbox 321 2770 1506 2854">
     <span class='ocr_line' id='line_1_15' title="bbox 321 2770 1506 2854; baseline -0.001 -22"><span class='ocrx_word' id='word_1_108' title='bbox 321 2773 419 2852; x_wconf 76' lang='lat' dir='ltr'><strong>(nun</strong></span> <span class='ocrx_word' id='word_1_109' title='bbox 437 2774 539 2846; x_wconf 83' lang='lat' dir='ltr'><strong>Mosa,</strong></span> <span class='ocrx_word' id='word_1_110' title='bbox 555 2772 709 2854; x_wconf 78' lang='lat' dir='ltr'><strong>Anzciper,</strong></span> <span class='ocrx_word' id='word_1_111' title='bbox 728 2782 816 2846; x_wconf 81' lang='grc'><strong>1888,</strong></span> <span class='ocrx_word' id='word_1_112' title='bbox 831 2791 861 2850; x_wconf 89' lang='lat' dir='ltr'><strong>p.</strong></span> <span class='ocrx_word' id='word_1_113' title='bbox 880 2782 948 2847; x_wconf 81' lang='grc'><strong>848,</strong></span> <span class='ocrx_word' id='word_1_114' title='bbox 966 2790 1002 2832; x_wconf 85' lang='lat' dir='ltr'><strong>ex</strong></span> <span class='ocrx_word' id='word_1_115' title='bbox 1017 2772 1081 2832; x_wconf 89' lang='lat' dir='ltr'><strong>cod.</strong></span> <span class='ocrx_word' id='word_1_116' title='bbox 1097 2772 1174 2833; x_wconf 88' lang='lat' dir='ltr'><strong>Bibl.</strong></span> <span class='ocrx_word' id='word_1_117' title='bbox 1190 2772 1340 2844; x_wconf 71' lang='lat' dir='ltr'><strong>Vntlcnn„</strong></span> <span class='ocrx_word' id='word_1_118' title='bbox 1355 2780 1388 2831; x_wconf 74' lang='grc' dir='ltr'><strong>8ο</strong></span> <span class='ocrx_word' id='word_1_119' title='bbox 1402 2770 1506 2849; x_wconf 81' lang='grc'><strong>1188.)</strong></span> 
     </span>
    </p>
   </div>
   <div class='ocr_carea' id='block_1_7' title="bbox 287 2955 1375 3055">
    <p class='ocr_par' dir='ltr' id='par_1_7' title="bbox 287 2955 1375 3055">
     <span class='ocr_line' id='line_1_16' title="bbox 287 2955 1375 3055; baseline 0.001 -26"><span class='ocrx_word' id='word_1_120' title='bbox 287 2959 414 3029; x_wconf 89' lang='lat' dir='ltr'><strong>Datum</strong></span> <span class='ocrx_word' id='word_1_121' title='bbox 430 2959 603 3051; x_wconf 80' lang='lat' dir='ltr'><strong>Lugduni,</strong></span> <span class='ocrx_word' id='word_1_122' title='bbox 623 2958 781 3031; x_wconf 88' lang='lat' dir='ltr'><strong>kalendis</strong></span> <span class='ocrx_word' id='word_1_123' title='bbox 801 2959 896 3048; x_wconf 90' lang='lat' dir='ltr'><strong>maii,</strong></span> <span class='ocrx_word' id='word_1_124' title='bbox 914 2980 1007 3032; x_wconf 93' lang='lat' dir='ltr'><strong>anno</strong></span> <span class='ocrx_word' id='word_1_125' title='bbox 1023 2955 1319 3055; x_wconf 83' lang='lat' dir='ltr'><strong>pontificatusV(</strong></span> <span class='ocrx_word' id='word_1_126' title='bbox 1345 2956 1375 3055; x_wconf 90' lang='lat'><strong>).</strong></span> 
     </span>
    </p>
   </div>
   <div class='ocr_carea' id='block_1_8' title="bbox 455 3246 1434 3255">
    <p class='ocr_par' dir='ltr' id='par_1_8' title="bbox 455 3246 1434 3255">
     <span class='ocr_line' id='line_1_17' title="bbox 455 3246 1434 3255; baseline 0.001 -1"><span class='ocrx_word' id='word_1_127' title='bbox 455 3246 793 3255; x_wconf 47' lang='grc' dir='ltr'>ιιι-ὣ...-</span> <span class='ocrx_word' id='word_1_128' title='bbox 799 3246 1434 3255; x_wconf 57' lang='grc' dir='ltr'><strong>--.-.-.«..---.-σ--ο-----ι-ι</strong></span> 
     </span>
    </p>
   </div>
   <div class='ocr_carea' id='block_1_9' title="bbox 147 3491 1649 4240">
    <p class='ocr_par' dir='ltr' id='par_1_9' title="bbox 147 3491 1649 4240">
     <span class='ocr_line' id='line_1_18' title="bbox 291 3491 1647 3608; baseline 0.001 -34"><span class='ocrx_word' id='word_1_129' title='bbox 291 3491 495 3601; x_wconf 89' lang='lat' dir='ltr'><strong>Henricus,</strong></span> <span class='ocrx_word' id='word_1_130' title='bbox 515 3521 582 3577; x_wconf 85' lang='lat' dir='ltr'><strong>rex</strong></span> <span class='ocrx_word' id='word_1_131' title='bbox 610 3493 826 3602; x_wconf 89' lang='lat' dir='ltr'><strong>Sardiniae,</strong></span> <span class='ocrx_word' id='word_1_132' title='bbox 852 3494 949 3578; x_wconf 89' lang='lat' dir='ltr'><strong>sacri</strong></span> <span class='ocrx_word' id='word_1_133' title='bbox 974 3496 1122 3606; x_wconf 92' lang='lat' dir='ltr'><strong>imperii</strong></span> <span class='ocrx_word' id='word_1_134' title='bbox 1148 3497 1188 3577; x_wconf 92' lang='lat' dir='ltr'><strong>in</strong></span> <span class='ocrx_word' id='word_1_135' title='bbox 1213 3495 1321 3580; x_wconf 88' lang='lat' dir='ltr'><strong>ltalia</strong></span> <span class='ocrx_word' id='word_1_136' title='bbox 1342 3496 1510 3608; x_wconf 87' lang='lat' dir='ltr'><strong>legatus,</strong></span> <span class='ocrx_word' id='word_1_137' title='bbox 1530 3495 1576 3577; x_wconf 91' lang='lat' dir='ltr'><strong>B.</strong></span> <span class='ocrx_word' id='word_1_138' title='bbox 1599 3495 1647 3577; x_wconf 91' lang='lat' dir='ltr'><strong>de</strong></span> 
     </span>
     <span class='ocr_line' id='line_1_19' title="bbox 237 3623 1647 3738; baseline 0.001 -31"><span class='ocrx_word' id='word_1_139' title='bbox 237 3623 452 3733; x_wconf 91' lang='lat' dir='ltr'><strong>Palude,a</strong></span> <span class='ocrx_word' id='word_1_140' title='bbox 484 3627 599 3736; x_wconf 88' lang='lat' dir='ltr'><strong>Papia</strong></span> <span class='ocrx_word' id='word_1_141' title='bbox 630 3627 803 3738; x_wconf 84' lang='lat' dir='ltr'><strong>superius</strong></span> <span class='ocrx_word' id='word_1_142' title='bbox 834 3629 974 3712; x_wconf 88' lang='lat' dir='ltr'><strong>vicario</strong></span> <span class='ocrx_word' id='word_1_143' title='bbox 1006 3629 1177 3737; x_wconf 91' lang='lat' dir='ltr'><strong>imperii,</strong></span> <span class='ocrx_word' id='word_1_144' title='bbox 1204 3629 1400 3738; x_wconf 89' lang='lat' dir='ltr'><strong>querelam</strong></span> <span class='ocrx_word' id='word_1_145' title='bbox 1427 3628 1647 3711; x_wconf 89' lang='lat' dir='ltr'><strong>monasterii</strong></span> 
     </span>
     <span class='ocr_line' id='line_1_20' title="bbox 241 3757 1647 3872; baseline 0.002 -33"><span class='ocrx_word' id='word_1_146' title='bbox 241 3757 368 3840; x_wconf 86' lang='lat' dir='ltr'><strong>Sancti</strong></span> <span class='ocrx_word' id='word_1_147' title='bbox 397 3759 602 3844; x_wconf 82' lang='lat' dir='ltr'><strong>Salvatoris</strong></span> <span class='ocrx_word' id='word_1_148' title='bbox 627 3762 675 3843; x_wconf 94' lang='lat' dir='ltr'><strong>de</strong></span> <span class='ocrx_word' id='word_1_149' title='bbox 701 3761 817 3871; x_wconf 93' lang='lat' dir='ltr'><strong>Papia</strong></span> <span class='ocrx_word' id='word_1_150' title='bbox 845 3762 1080 3868; x_wconf 86' lang='lat' dir='ltr'><strong>transmittit,</strong></span> <span class='ocrx_word' id='word_1_151' title='bbox 1108 3788 1186 3872; x_wconf 92' lang='lat' dir='ltr'><strong>qua</strong></span> <span class='ocrx_word' id='word_1_152' title='bbox 1215 3772 1424 3845; x_wconf 87' lang='lat' dir='ltr'><strong>conventus</strong></span> <span class='ocrx_word' id='word_1_153' title='bbox 1442 3761 1493 3845; x_wconf 92' lang='lat' dir='ltr'><strong>ab</strong></span> <span class='ocrx_word' id='word_1_154' title='bbox 1510 3761 1647 3843; x_wconf 91' lang='lat' dir='ltr'><strong>homi-</strong></span> 
     </span>
     <span class='ocr_line' id='line_1_21' title="bbox 147 3891 1647 4004; baseline 0.001 -31"><span class='ocrx_word' id='word_1_155' title='bbox 147 3917 154 3924; x_wconf 83' lang='lat'><strong>·</strong></span> <span class='ocrx_word' id='word_1_156' title='bbox 239 3891 355 3973; x_wconf 92' lang='lat' dir='ltr'><strong>uibus</strong></span> <span class='ocrx_word' id='word_1_157' title='bbox 373 3893 421 3975; x_wconf 94' lang='lat' dir='ltr'><strong>de</strong></span> <span class='ocrx_word' id='word_1_158' title='bbox 440 3892 711 4003; x_wconf 88' lang='lat' dir='ltr'><strong>Basereguccio</strong></span> <span class='ocrx_word' id='word_1_159' title='bbox 737 3904 775 3976; x_wconf 92' lang='lat' dir='ltr'><strong>et</strong></span> <span class='ocrx_word' id='word_1_160' title='bbox 795 3895 1013 3978; x_wconf 83' lang='lat' dir='ltr'><strong>Frironeria</strong></span> <span class='ocrx_word' id='word_1_161' title='bbox 1035 3896 1292 4004; x_wconf 91' lang='lat' dir='ltr'><strong>quorumdam</strong></span> <span class='ocrx_word' id='word_1_162' title='bbox 1314 3895 1504 3977; x_wconf 81' lang='lat' dir='ltr'><strong>detiorum</strong></span> <span class='ocrx_word' id='word_1_163' title='bbox 1533 3893 1647 3976; x_wconf 88' lang='lat' dir='ltr'><strong>solu-</strong></span> 
     </span>
     <span class='ocr_line' id='line_1_22' title="bbox 239 4023 1649 4137; baseline 0.001 -33"><span class='ocrx_word' id='word_1_164' title='bbox 239 4023 383 4105; x_wconf 90' lang='lat' dir='ltr'><strong>tionem</strong></span> <span class='ocrx_word' id='word_1_165' title='bbox 410 4026 588 4134; x_wconf 87' lang='lat' dir='ltr'><strong>requirit,</strong></span> <span class='ocrx_word' id='word_1_166' title='bbox 614 4052 774 4109; x_wconf 90' lang='lat' dir='ltr'><strong>monens</strong></span> <span class='ocrx_word' id='word_1_167' title='bbox 801 4028 905 4136; x_wconf 91' lang='lat' dir='ltr'><strong>quod</strong></span> <span class='ocrx_word' id='word_1_168' title='bbox 933 4053 1047 4137; x_wconf 89' lang='lat' dir='ltr'><strong>super</strong></span> <span class='ocrx_word' id='word_1_169' title='bbox 1074 4027 1148 4110; x_wconf 86' lang='lat' dir='ltr'><strong>ista</strong></span> <span class='ocrx_word' id='word_1_170' title='bbox 1175 4027 1330 4137; x_wconf 91' lang='lat' dir='ltr'><strong>querela</strong></span> <span class='ocrx_word' id='word_1_171' title='bbox 1361 4026 1649 4136; x_wconf 90' lang='lat' dir='ltr'><strong>inquisitionem</strong></span> 
     </span>
     <span class='ocr_line' id='line_1_23' title="bbox 239 4153 466 4240; baseline 0.018 -4"><span class='ocrx_word' id='word_1_172' title='bbox 239 4153 322 4237; x_wconf 89' lang='lat' dir='ltr'><strong>fieri</strong></span> <span class='ocrx_word' id='word_1_173' title='bbox 340 4156 466 4240; x_wconf 88' lang='lat' dir='ltr'><strong>faciat.</strong></span> 
     </span>
    </p>
   </div>
   <div class='ocr_carea' id='block_1_10' title="bbox 237 4433 1651 4608">
    <p class='ocr_par' dir='ltr' id='par_1_10' title="bbox 237 4433 1651 4608">
     <span class='ocr_line' id='line_1_24' title="bbox 276 4433 1649 4511; baseline 0.004 -22"><span class='ocrx_word' id='word_1_174' title='bbox 276 4433 314 4507; x_wconf 82' lang='lat' dir='ltr'><strong>(t)</strong></span> <span class='ocrx_word' id='word_1_175' title='bbox 333 4433 416 4491; x_wconf 80' lang='lat' dir='ltr'><strong>Adest</strong></span> <span class='ocrx_word' id='word_1_176' title='bbox 431 4435 517 4492; x_wconf 87' lang='lat' dir='ltr'><strong>altera</strong></span> <span class='ocrx_word' id='word_1_177' title='bbox 534 4436 682 4493; x_wconf 86' lang='lat' dir='ltr'><strong>innocentii</strong></span> <span class='ocrx_word' id='word_1_178' title='bbox 697 4453 784 4510; x_wconf 87' lang='lat' dir='ltr'><strong>papae</strong></span> <span class='ocrx_word' id='word_1_179' title='bbox 798 4436 922 4511; x_wconf 85' lang='lat' dir='ltr'><strong>epistola,</strong></span> <span class='ocrx_word' id='word_1_180' title='bbox 939 4435 1002 4494; x_wconf 85' lang='lat' dir='ltr'><strong>data</strong></span> <span class='ocrx_word' id='word_1_181' title='bbox 1016 4436 1137 4509; x_wconf 84' lang='lat' dir='ltr'><strong>Lugduni</strong></span> <span class='ocrx_word' id='word_1_182' title='bbox 1156 4439 1191 4494; x_wconf 72' lang='lat'><strong>22</strong></span> <span class='ocrx_word' id='word_1_183' title='bbox 1205 4437 1296 4510; x_wconf 86' lang='lat' dir='ltr'><strong>aprilis</strong></span> <span class='ocrx_word' id='word_1_184' title='bbox 1310 4439 1390 4507; x_wconf 79' lang='grc'><strong>1219,</strong></span> <span class='ocrx_word' id='word_1_185' title='bbox 1406 4453 1440 4494; x_wconf 89' lang='lat' dir='ltr'><strong>ex</strong></span> <span class='ocrx_word' id='word_1_186' title='bbox 1453 4452 1507 4510; x_wconf 90' lang='lat' dir='ltr'><strong>qua</strong></span> <span class='ocrx_word' id='word_1_187' title='bbox 1521 4435 1649 4495; x_wconf 82' lang='lat' dir='ltr'><strong>discimus</strong></span> 
     </span>
     <span class='ocr_line' id='line_1_25' title="bbox 237 4531 1651 4608; baseline 0.003 -20"><span class='ocrx_word' id='word_1_188' title='bbox 237 4531 416 4588; x_wconf 85' lang='lat' dir='ltr'><strong>Premislanm</strong></span> <span class='ocrx_word' id='word_1_189' title='bbox 431 4531 606 4603; x_wconf 81' lang='lat' dir='ltr'><strong>ottokarom,</strong></span> <span class='ocrx_word' id='word_1_190' title='bbox 625 4533 780 4592; x_wconf 84' lang='lat' dir='ltr'><strong>wenceslai</strong></span> <span class='ocrx_word' id='word_1_191' title='bbox 798 4535 869 4608; x_wconf 84' lang='lat' dir='ltr'><strong>regis</strong></span> <span class='ocrx_word' id='word_1_192' title='bbox 888 4534 1029 4591; x_wconf 78' lang='grc'><strong>1188888188</strong></span> <span class='ocrx_word' id='word_1_193' title='bbox 1046 4534 1142 4603; x_wconf 90' lang='lat' dir='ltr'><strong>lilium,</strong></span> <span class='ocrx_word' id='word_1_194' title='bbox 1165 4534 1193 4590; x_wconf 90' lang='lat' dir='ltr'><strong>in</strong></span> <span class='ocrx_word' id='word_1_195' title='bbox 1216 4541 1323 4607; x_wconf 87' lang='lat' dir='ltr'><strong>patrem</strong></span> <span class='ocrx_word' id='word_1_196' title='bbox 1343 4534 1520 4593; x_wconf 82' lang='lat' dir='ltr'><strong>insurrexisse</strong></span> <span class='ocrx_word' id='word_1_197' title='bbox 1540 4541 1568 4592; x_wconf 93' lang='grc'><strong>81</strong></span> <span class='ocrx_word' id='word_1_198' title='bbox 1588 4550 1651 4592; x_wconf 80' lang='lat' dir='ltr'><strong>cum</strong></span> 
     </span>
    </p>
   </div>
   <div class='ocr_carea' id='block_1_11' title="bbox 239 4626 1652 4782">
    <p class='ocr_par' dir='ltr' id='par_1_11' title="bbox 239 4626 1652 4782">
     <span class='ocr_line' id='line_1_26' title="bbox 239 4626 1652 4705; baseline 0.005 -20"><span class='ocrx_word' id='word_1_199' title='bbox 239 4626 363 4702; x_wconf 79' lang='lat' dir='ltr'><strong>Conmdo</strong></span> <span class='ocrx_word' id='word_1_200' title='bbox 381 4628 409 4684; x_wconf 90' lang='lat' dir='ltr'><strong>in</strong></span> <span class='ocrx_word' id='word_1_201' title='bbox 426 4643 517 4703; x_wconf 81' lang='lat' dir='ltr'><strong>regem</strong></span> <span class='ocrx_word' id='word_1_202' title='bbox 535 4631 716 4700; x_wconf 80' lang='lat' dir='ltr'><strong>Romanorum</strong></span> <span class='ocrx_word' id='word_1_203' title='bbox 735 4631 836 4703; x_wconf 84' lang='lat' dir='ltr'><strong>electo,</strong></span> <span class='ocrx_word' id='word_1_204' title='bbox 852 4632 922 4688; x_wconf 87' lang='lat' dir='ltr'><strong>duce</strong></span> <span class='ocrx_word' id='word_1_205' title='bbox 940 4631 1067 4689; x_wconf 80' lang='grc'><strong>1111888188</strong></span> <span class='ocrx_word' id='word_1_206' title='bbox 1085 4632 1253 4705; x_wconf 67' lang='lat' dir='ltr'><strong>casuroque</strong></span> <span class='ocrx_word' id='word_1_207' title='bbox 1270 4631 1404 4691; x_wconf 69' lang='grc'><strong>1881881118</strong></span> <span class='ocrx_word' id='word_1_208' title='bbox 1424 4633 1538 4691; x_wconf 86' lang='lat' dir='ltr'><strong>inimicis</strong></span> <span class='ocrx_word' id='word_1_209' title='bbox 1557 4633 1652 4692; x_wconf 83' lang='lat' dir='ltr'><strong>loedus</strong></span> 
     </span>
     <span class='ocr_line' id='line_1_27' title="bbox 239 4737 344 4782; baseline 0.029 -3"><span class='ocrx_word' id='word_1_210' title='bbox 239 4737 344 4782; x_wconf 80' lang='grc'><strong>888888.</strong></span> 
     </span>
    </p>
   </div>
   <div class='ocr_carea' id='block_1_12' title="bbox 0 0 2179 5904">
    <p class='ocr_par' dir='ltr' id='par_1_12' title="bbox 0 0 2179 5904">
     <span class='ocr_line' id='line_1_28' title="bbox 0 0 2179 5904; baseline 0 0"><span class='ocrx_word' id='word_1_211' title='bbox 0 0 2179 5904; x_wconf 95' lang='lat' dir='ltr'><strong> </strong></span> 
     </span>
    </p>
   </div>
  </div>
 </body>
</html>
