4318 5904
657 616 785 678 tuoni
809 615 1168 678 DOCUMENTORUM.
1556 617 1618 679 963

198 785 420 897 ’19ῖῖ-

200 925 337 1026 ffiaff
394 945 537 1008 (19999911.
587 976 628 988 -
646 944 789 1006 Homines
802 945 890 1006 castri
903 943 941 1004 de
954 942 1034 1004 Colle
1048 949 1078 1003 ct
1090 943 1241 1004 districtus
1253 959 1321 1003 cnm
1332 945 1421 1021 iustis
1433 961 1534 1006 eorum
1548 963 1617 1024 pos-

627 1042 806 1104 sessionibus
828 1042 883 1103 snb
914 1057 968 1102 sua
989 1047 1020 1101 et
1039 1041 1154 1118 imperii
1177 1043 1355 1118 protectione
1378 1045 1496 1121 recipit,
1518 1047 1618 1122 abque

627 1139 782 1202 confirmat
804 1139 898 1200 bonas
918 1140 1146 1200 consuetudines
1174 1139 1281 1217 qulbus
1305 1141 1487 1218 temporibus
1513 1143 1562 1202 avi
1588 1148 1619 1203 et

625 1237 718 1312 patris
732 1239 777 1296 sal
790 1237 837 1297 usi
851 1235 977 1296 lucrant.
1438 1245 1496 1298 985
1510 1243 1540 1297 91
1555 1245 1614 1298 915

207 1329 326 1405 ianuar.
393 1329 534 1394 dressed.
586 1365 627 1376 -
647 1332 839 1394 Gualiredum
857 1333 951 1394 libum
970 1333 1121 1411 quondam
1137 1331 1284 1393 Castrianl
1303 1333 1341 1394 de
1354 1333 1469 1395 Clusclo
1491 1333 1615 1414 (Gblusi)

625 1430 778 1507 publicum
792 1432 906 1507 imperii
919 1431 1109 1491 tabellionem
1122 1433 1284 1492 constitnit.
1557 1441 1615 1493 185

206 1519 333 1584 februar.
390 1521 532 1586 arcerem
585 1557 626 1574 -
644 1527 1143 1589 Frldericnmdedntlocblaillium
1156 1544 1243 1588 sunm
1257 1526 1617 1591 lnTasolaetabAmella

624 1639 719 1701 nsque
732 1623 889 1684 Cornetum
903 1629 933 1684 et
946 1641 997 1701 per
1013 1625 1192 1684 Maritimam
1207 1624 1349 1683 utendum
1367 1623 1530 1700 generalem
1545 1643 1615 1686 con-

547 1763 549 1766 ·
625 1722 732 1795 stituit,
748 1737 817 1781 cum
831 1737 912 1781 mero
925 1727 955 1781 et
969 1723 1064 1780 mixto
1077 1721 1199 1797 imperio
1212 1726 1241 1780 et
1255 1719 1345 1798 gladii
1358 1727 1511 1796 potestate.
1557 1732 1614 1783 eat

217 1811 319 1890 [leba]
352 1856 360 1874 .
394 1855 569 1878 ......
584 1851 619 1864 -
643 1816 754 1878 Scribit
768 1819 831 1896 regi
848 1823 879 1877 et
891 1819 1037 1877 universis
1050 1815 1209 1877 baronibus
1221 1818 1304 1894 regni
1318 1817 1474 1892 Franclae‚
1490 1834 1600 1880 narran

623 1916 666 1975 eis
679 1931 847 1991 processum
860 1914 995 1975 babitum
1009 1916 1085 1974 inter
1098 1916 1195 1990 ipsum
1209 1919 1240 1973 at
1252 1929 1368 1990 papam.
1552 1923 1613 1978 999

217 2005 320 2084 [laba]
354 2051 363 2071 .
395 2049 469 2070 ...
494 2051 502 2069 .
527 2051 535 2068 .
560 2042 625 2072 .-
643 2011 773 2088 Regibus
787 2018 816 2071 et
828 2009 1008 2087 principibus
1021 2008 1100 2070 orbis
1113 2009 1215 2069 scribit
1227 2009 1307 2085 quod
1326 2008 1381 2069 slbl
1398 2011 1430 2069 ln
1443 2009 1614 2072 detonsione

619 2109 734 2184 jurium
755 2106 958 2184 temporalium
979 2112 1081 2166 contra
1100 2122 1208 2183 papam
1228 2110 1260 2165 et
1276 2105 1440 2168 cardinales
1458 2110 1611 2180 assistant,

623 2221 692 2266 cura
706 2206 769 2280 ipse
777 2202 902 2263 firmiter
914 2205 943 2262 ln
952 2205 1101 2280 proposito
1114 2201 1222 2262 babeat
1235 2217 1337 2262 omnes
1348 2204 1467 2265 clericos
1478 2205 1516 2264 ad
1529 2205 1613 2266 illum

624 2308 734 2363 statum
748 2303 885 2361 reducere
899 2299 999 2378 quales
1013 2299 1132 2360 luerunt
1144 2302 1175 2358 in
1189 2299 1320 2360 19919919
1333 2302 1494 2376 primitiva.
1555 2311 1609 2364 991

222 2393 313 2470 [iebr.
354 2437 568 2458 .......
583 2432 624 2446 -
644 2397 1614 2477 cujusdamurbislnGermanlacivcscommendatquodlittcrls

244 2489 293 2551 vel
623 2512 717 2573 papae
730 2495 912 2556 audientiam
925 2494 1144 2573 denegaverint,
1153 2495 1344 2571 bortatrnqua
1355 2501 1390 2556 nt
1403 2497 1518 2558 nnllam
1533 2514 1610 2557 nnn-

196 2583 332 2668 martio.]
624 2594 699 2652 tium
711 2608 762 2651 cos
774 2591 942 2652 subvertere
955 2594 1121 2668 cupientem
1135 2593 1302 2652 admittant.
1553 2603 1610 2654 aaa

225 2683 312 2760 [icbr.
355 2726 567 2748 .......
583 2722 623 2734 -
644 2687 765 2748 Civibus
778 2687 961 2764 Spirenslbns
976 2689 1097 2748 mandat
1108 2689 1189 2765 qnod
1208 2704 1276 2748 cum
1289 2703 1364 2766 papa
1377 2690 1407 2747 ln
1423 2688 1611 2750 Germaniam

243 2782 291 2841 vel
624 2786 827 2845 Ferrarenscm
842 2785 968 2844 electum
982 2790 1084 2854 contm
1102 2801 1134 2844 se
1149 2801 1242 2860 nuper
1255 2785 1447 2846 transmiserit
1461 2801 1514 2860 pro
1527 2786 1611 2861 prin-

196 2875 330 2961 martia]
623 2882 722 2956 cipum
735 2877 794 2940 ilde
808 2879 1035 2956 corrumpenda,
1052 2881 1108 2954 ipsi
1126 2878 1256 2955 legatum
1273 2879 1473 2940 cumdem'vel
1492 2882 1612 2941 nuntios

622 2980 686 3054 ejus
699 2983 808 3036 terram
822 2993 906 3038 suam
921 2975 1035 3054 ingredi
1047 2993 1107 3036 non
1121 2978 1304 3053 permittent.
1552 2985 1609 3038 995

198 3081 237 3134 15
250 3074 335 3151 april.
396 3067 521 3135 Salerni.
584 3105 624 3118 -
647 3074 748 3134 Varias
762 3074 865 3132 amicis
882 3079 912 3132 et
928 3071 1065 3132 fidelibus
1080 3073 1141 3132 suls
1160 3071 1297 3148 epistolas
1315 3072 1406 3131 mittit
1419 3071 1456 3131 (19
1472 3074 1611 3148 conjura-

621 3171 701 3229 tione
721 3169 902 3246 prodltorum
920 3185 1057 3242 snorum,
1077 3170 1267 3245 deceptione
1288 3167 1389 3227 Scalae
1409 3173 1440 3228 91
1461 3167 1611 3229 obsidione

623 3267 772 3343 Capaocli,
800 3281 914 3326 necnon
937 3264 975 3325 de
998 3267 1120 3326 victoria
1147 3267 1179 3324 ln
1202 3266 1357 3325 Perusinos
1378 3271 1408 3324 ct
1433 3264 1611 3328 dsslslnates

622 3367 777 3438 reportata.
1551 3371 1608 3424 199

219 3458 318 3541 [aprili
355 3505 362 3521 .
395 3502 567 3525 ......
582 3493 624 3504 -
643 3459 767 3520 cuidam
784 3458 978 3520 alemanniae
994 3459 1120 3535 prinnini
1137 3457 1237 3518 scribit
1250 3459 1330 3537 qnod
1347 3458 1482 3520 Conrado
1495 3461 1610 3522 Roma-

244 3558 291 3619 vel
622 3572 728 3617 norum
748 3558 809 3634 regi
832 3554 893 3615 illio
916 3572 970 3616 sao
996 3556 1120 3616 viriliter
1141 3557 1259 3616 assistat
1279 3564 1381 3618 conae
1405 3557 1611 3637 landgravlum

217 3657 323 3733 malo]
622 3653 801 3730 Thuringiae
814 3654 1027 3730 coniurationes
1038 3653 1154 3712 illicitas
1167 3659 1275 3714 temere
1288 3653 1516 3715 machinantem.
1551 3664 1608 3716 115

222 3755 313 3816 malo.
396 3749 524 3828 Capuae.
582 3780 623 3796 -
642 3750 764 3811 Civibus
787 3749 1042 3811 Camerinenslbus
1062 3749 1100 3810 ed
1122 3747 1292 3812 fidelitatem
1313 3768 1398 3813 suam
1419 3751 1610 3814 redeuntibus

622 3864 724 3908 omncs
735 3847 851 3925 culpas,
862 3847 1040 3908 offensiones
1053 3854 1083 3908 91
1094 3863 1203 3924 poenas
1213 3850 1335 3908 remittit
1341 3865 1455 3908 necnon
1465 3853 1495 3908 ot
1503 3849 1609 3908 vicinis

622 3943 892 4020 communitatibus,
908 3959 976 4004 cum
989 3944 1187 4004 moderatione
1200 3944 1298 4004 salarii
1311 3950 1498 4020 potestatum.
1550 3952 1608 4004 115

224 4045 313 4105 maio.
402 4037 519 4101 auiae.
584 4073 623 4088 -
643 4041 752 4102 smero
776 4042 814 4102 dc
837 4041 1063 4104 Vrowembcrch
1082 4049 1111 4102 ct
1130 4045 1194 4120 ejus
1213 4041 1388 4104 haeredibus
1405 4045 1610 4105 auctoritatem

622 4138 755 4198 concedit
778 4137 923 4197 tractandi
946 4153 1049 4198 causas
1072 4153 1160 4214 super
1182 4137 1424 4217 proprietatibus,
1444 4137 1609 4199 baeredita-

622 4234 702 4295 tibus
713 4251 747 4295 ac
761 4234 988 4311 possessionibus
1001 4237 1033 4294 ln
1046 4237 1184 4295 comitatu
1199 4235 1236 4294 (19
1247 4234 1345 4312 linge,
1359 4240 1415 4296 919.
1549 4244 1607 4297 117

202 4342 240 4394 1⁵
255 4335 337 4395 mall.
378 4329 544 4410 Camplliae.
583 4363 624 4377 -
643 4331 790 4393 Frlderloo
809 4332 846 4392 (19
863 4331 1020 4392 Antiochia
1041 4331 1157 4408 imperil
1174 4332 1206 4389 ln
1227 4330 1335 4391 Tuscia
1354 4332 1463 4392 vicario
1482 4333 1611 4410 generali

623 4428 745 4489 mandat
763 4433 798 4488 ut
819 4427 972 4504 probibeat
990 4443 1029 4487 ne
1048 4427 1139 4487 abbas
1157 4427 1255 4488 Sancti
1275 4427 1436 4488 sdverorls
1453 4428 1490 4488 de
1508 4429 1609 4491 Monte

623 4523 742 4584 amiato
756 4524 794 4584 ab
807 4523 981 4584 oidclallbus
994 4525 1091 4584 curiae
1104 4522 1232 4584 indebite
1245 4524 1426 4591 molestetur.
1550 4535 1608 4588 119

214 4617 330 4703 [maio]
357 4663 396 4684 ..
420 4663 430 4684 .
457 4661 467 4682 .
494 4662 504 4683 .
528 4664 536 4682 .
557 4665 565 4684 .
584 4653 623 4667 ·-
643 4621 792 4702 Magistris
816 4623 1051 4700 procuratoribus
1073 4625 1170 4683 coriae
1193 4625 1225 4682 ln
1248 4622 1358 4699 Apulia
1384 4623 1508 4684 mandat
1527 4625 1610 4702 qood

626 4718 727 4781 Casalc
739 4721 869 4798 Ruptum
880 4727 911 4781 ct
923 4722 1115 4782 tenimentum
1127 4719 1228 4780 Sancti
1240 4719 1382 4781 Matthaei
1393 4737 1469 4798 quac
1477 4721 1609 4782 Andreas
