4310 5908
245 604 348 664 lnior.
364 601 419 680 8.]
694 599 892 661 HISTORIA
915 597 1212 660 utatoatltrtcrl.
1599 603 1658 666 '167

244 737 490 826 constitutum,
513 733 633 807 habito
653 735 810 828 diligenti
834 735 979 808 consilio
996 757 1076 806 cum
1099 733 1288 806 baronibus
1305 744 1340 806 et
1358 734 1435 806 aliis
1451 734 1659 831 jurisperitis

244 862 291 936 de
308 861 454 934 oonsilio
467 869 501 931 et
517 859 760 932 commissione
775 860 944 956 ipsomm,
960 859 1043 953 quia
1056 859 1271 954 probationis
1280 855 1357 956 (sic)
1371 859 1542 932 dictorum
1554 861 1660 935 abba-

246 985 292 1058 tis
307 995 345 1058 at
360 993 554 1056 conventus
567 985 672 1080 plene
687 983 788 1056 nobis
800 984 954 1057 constitit
968 984 1012 1056 de
1026 982 1092 1054 biis
1105 1005 1174 1077 que
1190 983 1227 1054 in
1243 983 1407 1079 predictis
1420 984 1658 1078 imperialibus

244 1109 369 1180 litteris
386 1108 619 1198 continentur,
644 1129 709 1179 nac
733 1130 781 1179 ex
807 1107 955 1180 adverso
977 1107 1162 1202 probatum
1186 1107 1301 1179 extitit
1319 1107 1461 1200 aliquod
1477 1129 1540 1203 per
1561 1109 1658 1202 quod
1769 1193 1772 1200 ¹

245 1233 354 1329 partis
380 1232 580 1304 monasterii
608 1232 777 1303 eliderent
800 1232 959 1326 pmbata,
990 1252 1190 1327 processum
1204 1231 1399 1326 predictum
1415 1229 1573 1303 habitum
1593 1254 1658 1329 per

244 1357 557 1450 reintegratoreset
567 1356 774 1428 sententiam
784 1356 829 1427 ab
839 1356 888 1428 eis
904 1357 1009 1427 latam
1019 1365 1055 1426 et
1064 1355 1315 1450 possessionem
1330 1355 1534 1428 auctoritate
1547 1355 1656 1453 ipsius

246 1480 418 1552 sententie
434 1481 524 1575 parti
540 1479 695 1575 predicte
712 1480 850 1552 domine
865 1480 1074 1571 assignatam
1091 1479 1125 1549 in
1146 1479 1282 1574 scriptis
1300 1480 1449 1550 terentes
1469 1476 1559 1578 [per]
1580 1503 1657 1554 san·

247 1603 389 1675 tentiam
405 1603 585 1674 formalem
602 1601 637 1672 in
653 1611 782 1673 statum
798 1601 981 1696 pristinum
996 1622 1212 1690 revocamus,
1231 1601 1452 1672 restituentes
1468 1605 1655 1698 possessio·

246 1749 326 1798 nem
352 1727 525 1799 dictorum
553 1722 718 1797 casalium
746 1725 902 1820 predicto
925 1723 1134 1797 monasterio
1157 1734 1347 1796 memorato
1371 1725 1474 1818 juxta
1503 1736 1656 1798 tenorem

247 1851 477 1948 imperialium
493 1851 699 1923 litterarum.
718 1848 774 1921 Ad
787 1851 887 1943 cujus
903 1849 953 1920 rei
969 1849 1172 1920 memoriam
1188 1860 1224 1919 et
1242 1858 1445 1944 perpetuam
1459 1845 1656 1922 firmitatem

247 1997 390 2071 presens
405 1975 571 2070 scriptum
589 1996 653 2070 per
674 1995 797 2046 manns
816 1972 935 2045 Jacobi
952 1973 997 2045 de
1016 1973 1126 2044 Tocco
1146 1995 1271 2064 magne
1289 1971 1383 2064 regie
1403 1981 1438 2043 et
1457 1973 1657 2069 principalis

249 2101 343 2171 curie
348 2150 638 2170 ........
666 2097 791 2170 notarii
813 2095 888 2168 fieri
907 2097 1064 2187 lecimus
1082 2095 1207 2168 nostris
1224 2095 1536 2191 subscriptionibus
1551 2099 1656 2170 robo-

247 2232 374 2295 ratum.
399 2221 526 2294 Actum
541 2221 578 2292 in
605 2221 726 2294 castris
749 2241 857 2316 prope
877 2221 1135 2310 Beneventum,
1158 2242 1264 2312 anno,
1283 2242 1402 2293 mense
1417 2232 1452 2293 et
1467 2217 1655 2294 indictione

247 2347 467 2442 supradictis.

294 2473 365 2544 Nos
379 2471 583 2543 Thomasius
597 2469 763 2560 Cantilia,
781 2490 907 2560 magne
922 2468 1015 2562 regie
1032 2468 1128 2540 curie
1145 2468 1308 2562 magister
1319 2469 1539 2563 justitiarius.

295 2595 456 2668 Nicolaus
472 2595 516 2669 de
530 2599 640 2668 Tooco
656 2591 708 2690 (c)
728 2593 788 2689 qni
803 2613 931 2688 supra,
948 2613 1073 2684 magne
1088 2593 1182 2686 regie
1201 2592 1296 2664 curie
1306 2592 1432 2686 judex.

300 3187 414 3270 Anno
443 3185 493 3270 M.
508 3187 643 3294 CCL,
687 3187 890 3270 indictione
916 3185 1018 3294 vlu,
1052 3187 1100 3268 de
1141 3211 1271 3269 mense
1308 3186 1459 3296 aprilis,
1498 3187 1656 3271 Ubertns

244 3317 417 3402 marchio
444 3318 679 3403 Palavicinus
707 3328 872 3428 potestas
899 3318 1107 3402 Cremonae
1138 3379 1325 3401 .....
1353 3301 1534 3428 equitavit
1559 3320 1655 3405 Pla-

246 3441 412 3560 danam,
440 3453 480 3533 iu
512 3478 589 3562 qua
618 3453 829 3534 Amadinns
863 3478 952 3534 oum
977 3450 1162 3534 militibus
1193 3449 1400 3534 Cremonae
1427 3451 1593 3535 bannitis
1621 3464 1658 3536 et

246 3584 429 3668 berneriis
450 3585 652 3671 Mediolani
678 3597 714 3668 et
736 3583 884 3668 Brixiae
910 3591 947 3668 et
967 3583 1141 3668 Mantuae
1173 3583 1387 3692 residebat3
1421 3648 1431 3668 .
1465 3649 1475 3669 .
1509 3603 1657 3698 ,quem

246 3725 284 3798 et
301 3716 398 3800 alios
422 3716 561 3800 milites
581 3717 788 3801 Cremonae
810 3715 919 3799 duxit
938 3715 1185 3823 Cremonam,
1205 3716 1342 3798 deinde
1366 3717 1468 3825 apud
1485 3714 1655 3802 Laudem

248 3847 285 3930 in
310 3849 526 3933 carceribus
548 3850 762 3933 destinavit.
784 3849 831 3932 Et
854 3859 945 3931 tunc
967 3849 1136 3931 marchio
1162 3845 1302 3933 Lancia
1328 3858 1494 3960 potestas
1515 3851 1655 3936 Laudis

248 3992 286 4064 et
316 3982 496 4066 dominus
527 3993 565 4066 et
590 3981 753 4066 vicarius
789 4007 859 4091 pro
896 3981 1123 4090 imperatore
1147 4007 1171 4063 a
1199 3981 1364 4066 Lambro
1393 3983 1566 4092 superius
1591 3983 1654 4095 (l)

289 4165 331 4248 (a)
353 4167 414 4248 Sia,
429 4171 480 4232 sed
492 4187 582 4248 snpra
593 4161 628 4230 dc
644 4169 753 4231 Trono.

1571 4335 1655 4353 —

284 4437 319 4511 (l)
336 4435 488 4494 Notandum
496 4444 541 4495 est
548 4449 632 4511 quum
646 4453 679 4494 ex
694 4437 736 4494 his
747 4437 837 4495 vorbis
849 4436 984 4510 conjicere
994 4437 1075 4493 liceat
1085 4437 1211 4494 comitam
1224 4437 1436 4495 Thomasiumda
1446 4438 1655 4497 Sabaudiaanuo

250 4534 424 4606 pnaoedente
437 4550 529 4592 meme
538 4535 614 4608 junio
625 4535 778 4608 generalem
792 4531 897 4607 imperii
910 4531 1027 4606 legatum
1044 4533 1072 4589 in
1088 4534 1129 4590 bis
1140 4534 1266 4606 partibus
1280 4536 1454 4592 constitutum
1470 4535 1541 4608 (rid.
1556 4551 1653 4611 snpra,'

251 4639 277 4703 p.
290 4632 351 4706 tlt)
368 4647 448 4690 snum
467 4647 564 4689 munus
576 4647 630 4689 nou
647 4632 692 4688 diu
711 4633 873 4690 exacuisse.
888 4631 938 4690 Cui
954 4631 1040 4688 officio
1056 4637 1147 4688 utrum
1163 4631 1278 4689 libenter
1296 4631 1491 4692 renuntiaverit
1508 4648 1543 4692 an
1563 4649 1656 4692 rursus

251 4727 284 4784 ad
296 4737 388 4802 partes
400 4729 533 4788 &alasiae
543 4729 727 4800 declinaverit,
742 4745 793 4786 non
806 4729 893 4786 adbuc
906 4727 974 4786 bana
987 4736 1153 4803 compartum
1166 4735 1218 4786 est.
