4306 5914
206 563 300 624 rm.
318 555 365 644 a]
646 554 843 618 ursronrn
868 555 1164 622 nrrcouarrur.
1549 551 1607 616 cet

206 697 326 770 nobilis
347 696 415 768 tuis
436 691 662 788 beneplacitis
687 691 861 786 obligetur
879 714 1014 788 nosque
1032 694 1178 791 proinde
1199 701 1259 768 tue
1274 690 1480 768 sinceritatis
1498 689 1610 764 selom

206 822 325 894 merito
340 817 637 894 commendemus.

251 948 376 1018 Datum
393 941 565 1038 Lugduni,
576 943 605 1014 ll
619 941 785 1016 kalendas
802 942 980 1036 februarii,
998 965 1090 1018 anno
1104 945 1162 1018 Vl.

1210 1225 1402 1242 —·—-·-·——··

253 1501 495 1587 Innocentius
513 1530 612 1616 papa
629 1507 785 1588 mandat
807 1503 982 1614 episcopo
1008 1503 1271 1616 Ratisponeosi
1294 1513 1336 1586 ut
1358 1505 1494 1586 ducem
1522 1503 1606 1585 Ba·
1687 1519 1761 1605 :53¹¹

201 1636 327 1719 variae
363 1649 495 1721 contra
527 1637 787 1750 juramentum
821 1665 934 1720 snum
971 1638 1159 1722 Eridericn
1195 1639 1412 1750 imperatori
1456 1637 1609 1722 assidue

202 1769 470 1854 adhaerentem
499 1784 536 1854 et
557 1771 640 1884 ejus
668 1771 707 1854 io
745 1773 895 1855 dustria
921 1773 1020 1854 uices
1048 1781 1261 1884 gerentem,
1293 1771 1607 1855 excommunica-

101 1923 106 1936 ’
201 1915 284 1986 tum
309 1907 506 1990 denuntiet
528 1918 564 1991 et
588 1909 628 1988 in
652 1907 779 2018 ipsum
802 1907 960 1992 verbum
985 1907 1107 1991 crucis
1126 1907 1314 2018 praedicet
1336 1919 1373 1994 el
1395 1907 1508 1992 faciat
1530 1935 1608 2018 pu-

201 2039 354 2150 blicari,
374 2043 495 2126 donec
512 2042 699 2126 Ecclesiae
717 2043 927 2154 plenariam
946 2043 1239 2128 satisfactionem
1259 2042 1419 2128 dederit.
1680 2039 1684 2046 ’

282 2270 383 2351 (Edld.
396 2274 527 2350 littam,
541 2271 675 2334 Bibliotl
692 2271 740 2334 der
754 2271 830 2335 liter.
851 2274 966 2334 Vereins
979 2273 1012 2332 in
1025 2273 1185 2354 Stuttpart,
1197 2279 1222 2336 t.
1235 2272 1317 2344 XVI,
1329 2289 1360 2354 p.
1379 2281 1444 2334 trt.
1460 2271 1607 2350 Integrlus

320 2397 400 2442 nunc
413 2381 588 2444 erhlbemus
608 2399 644 2442 ex
663 2385 765 2461 reglst.
785 2385 868 2460 eplst.
885 2381 988 2443 lnnoc.
1005 2381 1060 2459 lV,
1074 2398 1153 2442 nuno
1167 2381 1225 2454 Vl,
1241 2383 1273 2440 in
1288 2381 1362 2442 Blbl.
1380 2380 1481 2443 Cesar.
1496 2381 1606 2458 Paris,

319 2485 486 2566 anasntrdr
499 2484 586 2566 lotio,
604 2497 693 2564 4039,
708 2499 741 2548 n·
757 2497 809 2549 att
818 2488 840 2567 .)

244 2688 481 2781 innocentius,
499 2699 584 2781 ete,
600 2691 764 2787 episcopo
776 2689 1031 2786 Ratisponensi,
1049 2699 1116 2762 etc.
1136 2689 1221 2762 Cum
1237 2689 1298 2760 tibi
1312 2688 1470 2762 dicamur
1482 2690 1609 2762 nostris

199 2811 339 2885 dedisse
356 2813 478 2885 litteris
494 2815 530 2886 in
546 2817 717 2888 mandatis
737 2827 776 2887 ut
780 2869 920 2888 .....
943 2814 1068 2887 ducem
1088 2814 1250 2904 Bavarie,
1274 2814 1339 2885 nisi
1360 2835 1381 2885 a
1401 2824 1435 2886 te
1456 2815 1608 2887 monitus

198 2936 289 3009 inira
314 2939 439 3010 festum
463 2938 716 3035 Assumptionis
743 2940 844 3013 beate
866 2939 973 3014 Mario
996 2939 1155 3036 proxime
1182 2938 1383 3034 preteritum
1410 2939 1538 3011 rediret
1562 2940 1608 3013 ad

199 3047 474 3136 ecclesiasticam
486 3065 670 3155 unitatem,
685 3065 804 3158 gratiis
822 3075 858 3138 et
872 3057 1095 3157 indulgentiis
1111 3063 1176 3134 sibi
1197 3084 1217 3135 a
1237 3063 1346 3135 felicis
1361 3064 1610 3137 recordationis

198 3186 365 3279 Gregorio
381 3209 471 3284 papa
491 3191 734 3285 predecessore
752 3201 872 3263 nostro
888 3190 1060 3263 concessis
1081 3189 1284 3262 auctoritato
1299 3200 1417 3261 nostra
1434 3189 1606 3285 privares,

198 3310 280 3383 licet
301 3312 395 3384 idem
417 3314 490 3385 dux
514 3325 591 3410 post
614 3315 838 3387 monitionem
863 3325 956 3387 tuam
977 3315 1072 3408 quod
1096 3323 1216 3386 contra
1239 3313 1426 3387 Ecclesiam
1453 3315 1489 3387 in
1511 3315 1609 3388 nullo

198 3449 414 3530 processerat
431 3438 570 3534 proprio
585 3439 780 3530 juramento
801 3439 945 3511 firmarit
961 3461 1002 3512 ec
1023 3461 1060 3511 se
1083 3438 1278 3534 promiserit
1299 3461 1361 3533 per
1372 3440 1608 3531 jurameutum

197 3558 397 3651 hujusmodi
421 3583 661 3656 processurum
678 3565 875 3635 nullatenus
893 3574 1013 3636 contra
1030 3587 1124 3655 eam;
1146 3565 1219 3659 ipse
1238 3574 1352 3635 tamen
1371 3563 1460 3635 sicut
1474 3564 1609 3660 accepi·

200 3704 291 3774 mus,
307 3685 496 3778 juramenti
512 3687 676 3778 religione
696 3699 909 3784 contempte,
926 3689 1099 3784 prioribus
1115 3689 1234 3784 pejore
1245 3687 1465 3762 committens
1480 3699 1515 3762 et
1528 3689 1609 3762 Fre·

198 3806 306 3880 derisi
338 3808 514 3902 quondam
543 3811 760 3906 imperatoris
790 3813 1019 3909 persecutoris
1045 3814 1198 3888 Ecclesia
1226 3814 1260 3886 in
1289 3813 1445 3908 partibus
1472 3813 1610 3890 dustria

198 3952 325 4022 gerens
342 3932 472 4026 vicem,
491 3933 556 4030 ipsi
578 3936 732 4010 Ecclesia
751 3958 794 4010 ac
821 3959 897 4010 eam
918 3937 1166 4030 adjuvantibus
1183 3937 1369 4032 plurimum
1389 3937 1620 4021 adversatur.

197 4053 350 4149 ideoque
367 4055 523 4130 fidelitati
541 4070 598 4132 tue
614 4083 677 4155 per
693 4062 879 4156 apostolica
899 4063 1026 4158 scripta
1042 4061 1077 4136 in
1099 4062 1225 4136 virtute
1241 4061 1439 4136 obedientie
1455 4061 1610 4136 districtc

198 4181 424 4277 precipiendo
444 4185 649 4258 mandamus
667 4196 853 4279 quatenus,
879 4187 908 4260 si
928 4200 981 4260 est
996 4187 1057 4278 ita,
1077 4187 1237 4260 eumdem
1257 4188 1382 4260 ducem
1405 4187 1608 4260 auctoritate

199 4307 1438 4407 nostrnprivntumessedenuntiansgratiisetindulgentiissupradictis,
1452 4310 1608 4408 inipsum

199 4441 235 4504 et
251 4431 288 4504 in
304 4455 369 4506 sun
391 4434 616 4529 perversitate
633 4437 841 4510 adherentes
855 4439 970 4512 eidem
985 4438 1353 4512 excommunicationis
1374 4448 1410 4513 et
1429 4437 1466 4512 in
1483 4450 1610 4516 terram

200 4555 275 4645 ejus
302 4556 474 4632 interdicti
488 4561 678 4633 sententias
694 4583 763 4634 non
779 4561 918 4634 differas
936 4555 1175 4659 prtt'mulgare‚
1196 4585 1325 4658 easque
1344 4563 1475 4654 tamdiu
1494 4562 1611 4658 singu·

199 4677 240 4750 lis
256 4679 382 4756 diebus
397 4682 579 4758 dominicis
594 4695 630 4758 et
647 4686 789 4778 festivis,
799 4688 944 4783 pulsatis
957 4688 1136 4786 campanis
1150 4698 1187 4764 et
1202 4688 1355 4764 candelis
1368 4688 1537 4782 acceosis,
1548 4711 1612 4786 per
