4306 5914
175 683 268 742 luurcr.
284 679 332 756 1.]
611 673 808 735 Bistonis
831 674 1128 740 ntetottnttcn.
1514 677 1573 739 695

173 817 216 888 ad
235 813 417 887 subeunda
442 811 580 907 publica
604 829 748 884 munera
776 831 841 904 pro
869 812 995 883 uostris
1020 811 1168 884 servitiis
1194 823 1230 886 et
1252 813 1444 886 communis
1468 812 1575 908 ipsius

175 939 271 1011 simul
287 949 323 1010 et
338 939 413 1010 sine
428 937 546 1031 aliqua
562 934 781 1008 distinctione
797 936 1020 1031 compellant,
1038 936 1204 1030 nullaque
1223 937 1388 1009 intereos
1406 936 1576 1010 conditio·

176 1064 227 1136 nis
241 1063 348 1136 sectio
364 1063 420 1134 vel
435 1061 616 1134 diversitas
638 1059 820 1132 habeatur.
837 1061 1025 1134 statuimus
1040 1061 1145 1155 igitur
1162 1071 1198 1134 et
1213 1061 1382 1157 imperiali
1403 1061 1577 1134 sancimus

178 1188 289 1261 edicto
301 1197 473 1283 quatenus
485 1186 600 1256 nullus
616 1184 703 1274 dux,
722 1186 838 1256 nullus
852 1186 1155 1278 marchisanum
1169 1187 1225 1259 vel
1242 1187 1446 1276 vicecomes,
1461 1188 1578 1258 nullus

177 1315 326 1405 legatus,
342 1311 492 1384 vicarius
514 1332 576 1382 seu
602 1310 820 1404 capitaneus,
844 1319 1013 1405 potestas,
1035 1313 1156 1382 consul
1178 1313 1235 1384 vel
1262 1333 1462 1405 commune,
1483 1313 1579 1386 nulla

177 1437 326 1530 denique
343 1457 491 1532 persona
513 1436 583 1506 alta
598 1435 654 1505 vel
673 1434 828 1524 humilis,
845 1435 1075 1508 ecclesiastica
1093 1437 1149 1507 vel
1166 1437 1347 1530 secularis,
1364 1448 1481 1510 contre
1501 1459 1579 1533 pre·

180 1563 285 1634 sentis
307 1561 426 1656 scripti
449 1560 558 1632 nostri
576 1569 731 1631 tenorem
745 1579 831 1630 ausu
857 1559 1038 1632 temerario
1056 1560 1175 1633 venire
1195 1571 1387 1656 presumat;
1406 1561 1501 1655 quod
1521 1563 1582 1657 qui

177 1686 423 1782 presumpserit
440 1695 559 1780 preter
572 1682 844 1775 indignationem
858 1693 1011 1757 nostram
1025 1707 1130 1780 quarn
1142 1709 1180 1758 se
1194 1688 1333 1759 noverit
1346 1688 1579 1777 incursurum,
1647 1733 1652 1744 ·

141 1819 142 1824 ’
177 1819 315 1882 centum
334 1830 467 1881 marcas
487 1807 621 1900 argenti
636 1827 700 1902 pro
715 1829 805 1902 pena
820 1829 858 1879 se
876 1809 1145 1904 compositurum
1164 1820 1341 1901 agnoscat,
1361 1811 1583 1884 medietatem

178 1955 323 2027 quarum
340 1955 476 2006 camere
489 1941 607 2004 nostre
627 1941 662 2002 et
679 1931 849 2024 reliquam
869 1932 1090 2006 medietatem
1107 1934 1215 2028 passis
1231 1935 1389 2026 iujuriam
1406 1935 1583 2032 applican-

177 2059 271 2131 dam.
292 2058 348 2131 Ad
365 2059 469 2152 hujus
488 2067 605 2128 autem
626 2056 856 2128 concessionis
880 2065 998 2128 nostre
1022 2059 1222 2130 memoriam
1239 2068 1274 2130 ct
1291 2059 1398 2132 robur
1416 2071 1585 2156 perpetuo

176 2184 385 2274 valiturum,
415 2203 558 2278 presens
579 2181 745 2276 scriptum
767 2202 829 2276 per
845 2183 1011 2254 Iacobum
1037 2182 1081 2254 de
1099 2181 1332 2256 Podiobcnicii
1357 2186 1530 2258 notarium
1551 2197 1587 2259 et

177 2308 317 2382 fidelem
335 2317 493 2380 nostrum
508 2305 610 2378 scribi
630 2316 665 2376 et
680 2304 792 2396 sigillo
806 2305 994 2397 majestatis
1010 2316 1127 2378 nostre
1139 2308 1305 2401 jussimus
1318 2309 1535 2382 communiri.

224 2436 354 2506 Datum
372 2431 558 2521 Cremoue,
581 2451 674 2502 anuo
694 2429 869 2501 dominice
887 2429 1133 2505 incametiouis
1151 2433 1333 2507 millesimo
1351 2434 1588 2510 ducentesimo

179 2555 448 2653 quadragesimo
469 2563 612 2644 octavo,
638 2575 757 2626 mense
782 2555 963 2645 februarii,
988 2557 1135 2650 septime
1157 2557 1372 2651 indictionis,
1397 2560 1589 2656 imperante

179 2684 322 2758 domino
337 2689 458 2754 nostro
469 2679 636 2753 Federicc
650 2679 877 2751 invictissimo
891 2679 1121 2753 Romanorum
1141 2682 1348 2777 imperatore
1371 2706 1509 2781 semper
1526 2707 1589 2757 au·

180 2817 297 2903 gusto,
319 2805 532 2878 Hierusalem
549 2815 585 2876 et
603 2803 716 2876 Sicilie
730 2825 825 2896 rege,
842 2803 976 2898 imperii
990 2806 1065 2898 ejus
1078 2827 1172 2879 anno
1186 2807 1352 2901 vigesimo
1368 2829 1474 2900 nono,
1492 2811 1591 2902 regni

181 2933 397 3008 Hierusalem
410 2930 579 3024 vigesimo
589 2938 726 3024 quarto,
741 2928 839 3022 regui
852 2949 937 3002 vero
949 2929 1064 3003 Sicilie
1077 2931 1364 3026 quinquagesimo
1380 2932 1505 3030 primo,
1519 2936 1593 3008 ieli-

181 3061 281 3134 citer.
302 3057 428 3131 Amen.

238 3530 473 3638 Fridericus,
504 3531 760 3615 Romanorum
787 3531 1006 3641 imperator,
1035 3542 1238 3642 postquem
1265 3533 1312 3616 ad
1333 3559 1446 3616 suum
1465 3533 1597 3618 domi·
1636 3539 1787 3636 ,mm

187 3664 297 3748 nium
331 3673 471 3748 tanam
505 3665 706 3748 Gorilionis
739 3689 856 3774 quem
890 3663 1042 3748 Oddoni
1077 3666 1127 3748 de
1159 3666 1368 3750 Camerana
1400 3669 1596 3777 quondam

188 3808 449 3905 concesserat,
485 3798 735 3904 revocaverit,
762 3797 956 3881 Boniiacio
983 3799 1032 3881 de
1066 3799 1276 3882 Camerana
1315 3801 1395 3884 lilio
1425 3800 1596 3910 ejusdem

191 3931 364 4015 Oddonis
393 3931 432 4012 in
456 3933 842 4041 recompensationem
868 3931 1013 4014 coulert
1036 3932 1160 4015 casale
1185 3943 1222 4015 et
1243 3944 1412 4017 cestrum
1439 3932 1596 4017 lllilitelli

189 4063 228 4145 in
247 4063 348 4146 valle
369 4065 451 4151 Neti
474 4091 562 4147 cum
588 4066 761 4148 districtu
784 4064 889 4175 ejus,
916 4065 987 4149 sub
1015 4067 1228 4151 conditione
1258 4067 1397 4151 servitii
1421 4065 1611 4148 militaris

188 4195 416 4308 juribusque
434 4198 627 4310 regalibus
646 4199 718 4282 sibi
737 4198 948 4282 reservatis

277 4414 399 4497 (lnedlt.
414 4431 452 4475 ex
466 4415 567 4475 corllce
580 4415 717 4476 Biblioth.
734 4416 911 4488 Panormit„
929 4417 1045 4493 signate
1061 4416 1105 4486 11,
1123 4425 1157 4476 u⁰
1172 4425 1190 4477 4
1205 4415 1246 4490 Q,
1262 4418 1309 4476 cui
1322 4415 1426 4477 titulus
1441 4433 1449 4477 :
1465 4412 1600 4476 Ilaccolta

256 4597 262 4610 1
316 4519 348 4582 dt
359 4521 425 4581 carr·
439 4519 510 4600 dipl.
527 4529 681 4602 apportem
697 4518 758 4582 alla
773 4518 885 4582 Sicilia.
899 4520 1037 4601 -CuJus
1049 4525 1164 4600 coptam
1180 4522 1334 4583 nobiscum
1348 4521 1503 4583 liberaliter
1518 4539 1600 4584 com-

317 4632 480 4692 municavit
492 4629 531 4691 cl.
548 4632 593 4689 vir
606 4630 695 4691 llich.
711 4627 838 4708 Amarl.)

246 4816 453 4909 Fridericus,
468 4817 532 4890 Dei
547 4817 658 4912 gratia
674 4818 1109 4914 ltomaucrumimperator
1120 4838 1258 4912 semper
1272 4823 1452 4910 augustus,
1470 4815 1602 4912 Hyeru-
