4310 5908
233 610 339 672 laurea
354 609 402 688 8.]
682 605 881 671 HISTORIA
904 605 1201 674 utstatttttctl.
1589 613 1651 679 789

236 747 416 842 proposita
437 754 518 818 sunt
545 754 677 839 negant
703 745 809 817 salvis
832 745 1097 841 exceptionibus
1126 761 1262 818 eorum.
1298 747 1481 819 Prestitum
1509 748 1575 821 luit
1605 750 1651 821 ab

238 879 391 965 utraque
411 879 509 964 parte
526 868 572 943 de
585 869 782 964 calumpnia
803 866 881 966 (ric)
894 871 1143 962 juramentum.
1167 871 1270 943 Facta
1288 870 1405 964 itaque
1420 867 1490 944 litis
1512 881 1651 945 contes-

236 993 370 1068 tatione
386 1002 422 1066 et
437 1004 656 1066 sacramento
672 992 870 1088 calumpnie
888 994 1088 1083 subsecuto,
1109 992 1182 1066 dati
1201 995 1344 1066 fuerunt
1363 1016 1410 1067 ex
1428 1004 1527 1090 parte
1550 1006 1651 1069 acto-

236 1140 318 1188 rum
341 1118 477 1189 articuli
501 1127 605 1189 etex
629 1128 730 1211 parte
750 1137 890 1189 reorum
913 1118 1179 1213 exceptionibus
1201 1118 1296 1190 curie
1319 1141 1383 1192 suo
1403 1119 1476 1210 die,
1494 1119 1650 1192 et¹factis

237 1239 322 1312 hinc
349 1240 431 1313 inde
460 1263 566 1337 super
590 1240 658 1313 hiis
684 1241 1013 1334 interrogationibus
1033 1251 1073 1313 ut
1095 1251 1148 1314 est
1163 1241 1267 1335 juris,
1292 1253 1439 1336 utraque
1463 1265 1543 1340 pars
1558 1244 1651 1338 cepit

238 1365 428 1438 terminum
440 1365 488 1438 ad
502 1365 735 1461 probandum,
745 1365 781 1437 in
795 1365 883 1436 infra
900 1386 1005 1458 wem
1023 1366 1209 1439 terminum
1225 1377 1373 1460 utraque
1387 1389 1468 1462 pars
1485 1366 1651 1462 produxit

238 1499 347 1562 testes
367 1510 461 1562 suos.
479 1489 699 1562 Adveniente
710 1499 827 1561 autem
843 1489 1011 1580 termino,
1031 1489 1075 1563 de
1092 1491 1244 1584 partium
1258 1492 1438 1563 voluntate
1457 1491 1601 1562 testibus
1613 1491 1650 1561 in

235 1614 371 1707 judicio
380 1614 577 1709 publicatis,
589 1613 736 1708 sollepni
752 1613 986 1714 disputatione
1003 1624 1122 1686 secuta
1132 1636 1238 1709 super
1247 1613 1399 1686 efficacia
1411 1615 1653 1711 probatorum,

238 1737 286 1808 ab
310 1745 459 1831 utraque
480 1747 580 1832 parte
605 1737 649 1810 de
674 1735 849 1809 communi
865 1736 1044 1808 voluntate
1074 1757 1194 1808 earum
1220 1737 1455 1809 renuntiatum
1473 1738 1589 1809 extitit
1617 1746 1653 1810 et

239 1861 458 1952 conclusum,
472 1872 507 1932 et
522 1870 669 1954 utraque
683 1882 765 1955 pars
778 1861 986 1932 sententiam
1000 1860 1082 1931 ferri
1095 1882 1174 1932 cum
1188 1859 1350 1932 instantia
1364 1859 1562 1956 postulavit.
1582 1861 1653 1932 Nos

239 1983 361 2078 itaque
387 1984 470 2057 visis
495 2005 600 2056 cause
624 1985 757 2056 meritis
778 1992 815 2056 et
839 1983 1025 2075 diligenter
1044 1982 1219 2076 discussis,
1241 1983 1360 2056 habito
1377 1983 1535 2075 diligenti
1548 2004 1654 2078 super

240 2108 418 2202 premissis
441 2130 521 2180 cum
540 2106 789 2180 deliberatione
811 2107 979 2197 consilio,
997 2106 1080 2200 quia
1099 2106 1203 2202 plene
1225 2107 1380 2179 constitit
1399 2107 1444 2179 de
1461 2106 1652 2179 intentione

240 2229 402 2302 Thenrici
420 2226 496 2326 (sic)
509 2228 728 2322 Theotonici,
743 2229 835 2302 Petri
846 2230 890 2303 de
903 2229 1116 2321 Latigniam,
1132 2229 1299 2301 lobannis
1313 2228 1433 2301 deAla
1449 2238 1485 2301 et
1495 2229 1655 2302 Riccardi

240 2353 393 2445 Anglici,
406 2361 474 2424 tam
490 2374 554 2449 pro
571 2375 608 2426 se
625 2375 731 2448 quam
748 2364 911 2448 tanquam
928 2364 1085 2426 actorum
1100 2363 1136 2424 et
1148 2353 1360 2426 sindicorum
1374 2375 1437 2425 seu
1452 2363 1655 2448 procurato·

241 2499 322 2548 rum
343 2477 380 2549 in
402 2477 519 2564 libello
542 2486 785 2550 contentorum
801 2477 1064 2573 peregrinorum
1085 2487 1206 2550 contra
1220 2478 1444 2552 Guillelmum
1461 2476 1603 2573 Mayum
1620 2486 1656 2550 et

241 2600 382 2673 Petrum
394 2602 670 2691 Constantinum,
683 2602 843 2674 dominos
852 2611 888 2674 et
900 2602 1134 2696 parcionarios
1149 2601 1249 2674 navis
1260 2602 1377 2674 Sancti
1391 2601 1555 2691 Victoris,
1574 2602 1656 2674 licet

241 2725 390 2798 intentio
400 2725 504 2797 luerit
520 2725 603 2798 elisa
616 2747 681 2822 per
697 2727 922 2821 exceptiones
934 2725 1170 2821 predictorum
1186 2725 1420 2818 dominorum,
1441 2734 1557 2798 tamen
1572 2725 1656 2821 quia

242 2849 399 2945 predicte
417 2850 643 2945 exceptiones
661 2851 803 2922 luerunt
820 2849 905 2921 elise
929 2859 965 2921 et
990 2851 1133 2921 excluse
1151 2871 1214 2944 per
1233 2849 1476 2944 replicationes
1498 2847 1654 2943 peregri·

242 2994 385 3063 norum,
416 2973 673 3045 sentencialiter
704 2973 1001 3070 condepnavimus
1025 2973 1202 3068 predictos
1228 2973 1449 3046 Guillelmum
1468 2983 1504 3044 et
1516 2974 1656 3045 Petrum

242 3097 507 3171 Constantinum
529 3097 625 3190 quod
648 3119 709 3170 eos
735 3097 781 3170 ad
807 3107 924 3194 partes
943 3097 1187 3170 ultramarinas
1210 3106 1446 3192 transportant
1466 3096 1513 3169 ad
1541 3097 1658 3170 locum
1776 3105 1780 3115 '
1900 3071 1904 3082 ¹

243 3221 306 3294 ubi
319 3233 372 3296 est
386 3244 451 3295 rex
464 3222 625 3313 Franoie;
647 3230 683 3294 et
698 3221 780 3316 quia
795 3231 865 3293 tam
874 3222 955 3314 jura
968 3231 1089 3294 vetera
1105 3242 1211 3317 quam
1227 3243 1320 3294 nova
1333 3222 1456 3294 volunt
1472 3223 1567 3315 quod
1583 3223 1657 3295 vic·

245 3355 302 3419 tus
317 3346 441 3419 victori
457 3345 670 3441 condepnari
690 3345 817 3419 debeat
836 3346 871 3416 in
894 3345 1071 3440 expensis,
1087 3344 1345 3417 sentencialiter
1361 3343 1657 3440 condepnavimus

243 3471 420 3565 predictos
437 3493 516 3543 reos
535 3470 676 3542 nomine
699 3491 933 3566 expensarum
949 3467 1114 3563 predictis
1136 3469 1311 3541 actoribus
1326 3477 1397 3539 tam
1415 3489 1480 3563 pro
1498 3490 1535 3539 se
1551 3490 1656 3563 qnam

245 3607 425 3691 proparte
444 3593 707 3690 peregrinorum
732 3593 768 3665 in
794 3593 912 3665 libello
929 3602 1171 3664 contentorum
1192 3591 1228 3662 in
1249 3591 1377 3662 tarenis
1395 3591 1471 3664 auri
1493 3602 1653 3682 centum,

245 3729 462 3792 sacramento
476 3718 619 3814 prestito
639 3718 684 3790 ab
699 3718 830 3789 eisdem
849 3717 893 3789 de
911 3717 1088 3788 taxatione
1104 3724 1221 3787 nostra
1242 3715 1466 3810 precedente.
1485 3715 1586 3788 Unde
1611 3716 1657 3789 ad

245 3845 398 3914 laturam
412 3843 615 3914 memoriam
628 3851 664 3913 et
672 3842 843 3913 dictorum
856 3840 1120 3935 peregrinorum
1134 3840 1320 3931 cautelam,
1336 3837 1562 3933 scriptumest
1575 3838 1656 3912 inde

244 3985 389 4059 presens
406 3965 585 4059 publicum
609 3964 879 4036 instrumentum
895 3963 1073 4036 sentencie
1093 3983 1157 4057 per
1173 3984 1298 4034 manus
1313 3961 1455 4034 Perconi
1473 3961 1518 4033 de
1534 3962 1656 4034 Calva-

244 4110 324 4162 roso
340 4089 529 4184 imperialis
542 4087 672 4183 publici
692 4088 850 4162 Messana
864 4097 900 4159 et
913 4087 1174 4159 actorumcurie
1190 4086 1338 4158 civitatis
1348 4084 1503 4176 ejusdem
1515 4085 1653 4176 notarii,

245 4213 374 4286 nostris
398 4223 435 4285 et
457 4212 614 4304 ejusdem
641 4210 767 4284 notarii
792 4210 1102 4305 subscriptionibus
1130 4209 1392 4282 communitum.
1420 4207 1546 4281 Actum
1565 4209 1656 4282 bles·

246 4357 350 4428 sane,
367 4357 476 4426 anuo,
491 4357 622 4427 mense,
642 4335 699 4408 die
716 4345 750 4406 et
765 4335 953 4408 indictione
971 4333 1191 4430 pretitulatis.

294 4461 320 4553 †
344 4461 418 4553 Ego
430 4460 598 4533 llivaldus
614 4459 658 4532 de
672 4462 768 4531 Bona
782 4459 891 4532 Morte
908 4458 1046 4550 bajulus
1062 4457 1232 4528 Messene.

295 4585 322 4676 †
345 4583 421 4676 ligo
436 4583 547 4655 Guido
564 4582 608 4656 de
624 4582 801 4655 Bernardo
811 4581 925 4676 judex
940 4582 1111 4654 lllessane.

296 4708 323 4800 †
347 4709 421 4800 Ego
436 4707 673 4780 Bartolomeus
689 4708 734 4780 de
747 4705 910 4804 Aymerio
920 4705 1035 4799 judex
1048 4706 1218 4779 Messene.

329 4831 383 4896 VI.
404 4846 492 4892 rma.
1440 4832 1498 4888 10⁰
