4300 5916
494 596 557 660 ere
1023 605 1208 670 coueenr
1232 605 1385 682 onenrr
1711 611 1794 692 [ne.
1812 611 1900 677 rere.

493 745 633 826 nostro,
655 737 876 833 promisimus
900 749 1042 814 centum
1067 763 1222 835 meroes,
1250 765 1315 841 pro
1334 744 1479 840 quibus,
1501 743 1586 818 dnm
1601 745 1648 820 ed
1662 769 1787 822 menne
1803 749 1903 824 nobis

494 861 643 957 pecunie
663 861 851 954 defuisset,
875 886 1000 938 census
1026 877 1164 940 nostros
1181 889 1292 942 novos
1307 869 1399 940 ultre
1412 870 1566 960 Renum,
1586 892 1633 946 ex
1647 873 1807 969 opposito
1821 873 1902 948 vilic

494 1006 563 1078 que
591 985 718 1060 dicitur
740 987 941 1082 Lubsdord,
969 991 1145 1064 solventer
1168 989 1245 1090 (sic)
1271 991 1426 1087 quinque
1454 1013 1589 1067 merces
1610 995 1849 1089 denariorum,
1868 1009 1903 1070 et

494 1131 618 1182 nemus
637 1119 795 1184 nostrum
814 1112 910 1208 quod
928 1113 1054 1187 dicitnr
1074 1114 1120 1188 de
1138 1117 1282 1190 Hoeviie
1305 1115 1430 1190 eodem
1452 1117 1552 1192 titulo
1568 1119 1722 1216 pignoris
1737 1121 1902 1196 duximus

492 1234 662 1328 obtigere.

540 1361 667 1432 Detum
682 1359 778 1456 epnd
794 1360 948 1456 Uimem,
967 1363 1091 1437 ultimo
1107 1363 1208 1458 maii,
1223 1373 1348 1460 quertn
1366 1363 1568 1440 indictione.

332 1908 421 2020 3⁸:2¹5:
548 1910 762 2019 Conredm,
783 1911 823 1994 in
848 1911 1109 1997 Romanorum
1134 1940 1264 2023 regem
1287 1913 1444 2023 electus,
1467 1909 1661 2000 Gerherdo
1685 1913 1734 1998 de
1759 1913 1901 2023 Sintzig

493 2043 652 2126 mandet
683 2054 726 2127 ut
754 2045 929 2128 Conrado
960 2047 1008 2129 de
1039 2047 1236 2131 Bruneche
1263 2046 1366 2130 fideii
1398 2073 1468 2131 suo
1500 2057 1652 2130 centnm
1679 2073 1828 2130 meroes
1853 2048 1902 2130 de

493 2170 634 2260 Judneo
652 2204 767 2287 quem
785 2189 886 2261 tenet
906 2179 1153 2288 captivatum,
1174 2180 1370 2292 assignare
1388 2206 1464 2264 non
1484 2179 1648 2264 omittet.

574 2389 709 2470 (iidtder.
724 2389 861 2470 dunum,
874 2390 944 2454 Ccd.
955 2389 1076 2474 diplom.
1090 2393 1242 2476 tineent„
1252 2402 1278 2456 t.
1293 2395 1336 2470 ΙΙ,
1350 2413 1418 2474 pers
1428 2403 1458 2474 ²,
1472 2411 1503 2473 p.
1520 2403 1590 2468 ete,
1600 2411 1637 2456 en
1648 2391 1832 2474 entogrepho
1844 2409 1899 2454 cn-

606 2500 693 2576 Juee
713 2505 796 2577 tergo
814 2498 943 2578 sigilium
960 2500 1150 2562 membranae
1171 2504 1347 2579 impressum
1366 2508 1509 2580 superest.
1523 2531 1565 2548 -
1583 2499 1827 2581 flnnmnnunnrrg
1842 2499 1898 2562 Di·

606 2601 788 2684 peccarent.
803 2606 922 2668 Bteoce'ts
936 2603 985 2668 det
995 2607 1088 2668 rim.
1104 2603 1226 2669 tinient
1242 2608 1269 2686 1,
1284 2609 1437 2688 Beytreg„
1449 2619 1483 2668 n·
1498 2605 1559 2687 ³8.)

538 2793 736 2884 Comedus,
757 2791 830 2866 divi
843 2793 981 2886 augusti
997 2793 1215 2888 imperatoris
1227 2793 1390 2867 Friderici
1404 2791 1513 2886 iilius,
1530 2791 1593 2866 Dei
1603 2791 1713 2886 gretie
1726 2791 1898 2865 Romano·

488 2940 566 2989 rum
593 2918 629 2988 in
659 2939 777 3009 regem
808 2919 958 3009 electus,
994 2939 1131 3013 semper
1161 2927 1329 3011 augustus
1362 2927 1398 2990 et
1423 2917 1525 2989 heres
1540 2917 1655 3010 ,regni
1687 2917 1895 3008 Jerusalem,

489 3039 667 3114 Gerherdo
681 3040 726 3112 de
738 3041 901 3133 Sinzege,
922 3039 1214 3138 burgravio(c)et
1227 3039 1320 3114 fideli
1333 3063 1397 3112 sno
1409 3037 1738 3138 (i)‚gretiemsuem
1751 3048 1898 3112 etomne

487 3161 633 3234 bonum.
659 3164 841 3237 Deuotioni
867 3173 925 3236 tue
950 3163 1173 3255 mandemus,
1193 3164 1424 3260 precipientes
1444 3164 1597 3236 districte
1613 3173 1785 3257 quatenus
1796 3162 1898 3254 juxte

487 3285 620 3378 quode
638 3287 738 3359 nobis
760 3287 948 3361 novissime
979 3289 1149 3361 recessisti
1167 3287 1229 3386 (b),
1247 3287 1404 3362 Conredo
1427 3288 1473 3362 de
1496 3286 1836 3378 Brunoche‚di1ecto
1862 3294 1898 3357 et

529 3457 571 3542 (a)
593 3462 708 3523 Scilicet
720 3461 755 3522 dc
767 3459 947 3524 landecron

530 3565 571 3646 (b)
593 3567 657 3646 Stc;
672 3569 724 3630 sed
736 3569 951 3642 verodmsstter,
963 3569 1106 3650 recepisti.

525 3843 561 3918 (t)
580 3842 717 3902 Gerendus
729 3843 764 3902 de
775 3843 866 3918 Sinnig
877 3845 907 3901 in
920 3843 1047 3904 fidelitate
1059 3844 1156 3904 domus
1167 3845 1202 3903 de
1217 3845 1338 3904 Steuden
1355 3862 1442 3920 usque
1454 3845 1488 3904 ed
1502 3851 1615 3905 mortem
1634 3843 1749 3905 cenredi
1766 3859 1895 3920 perseve-

486 3941 573 4011 rerit,
588 3940 661 3998 sicut
674 3946 749 4016 petet
770 3957 805 3998 ex
826 3943 992 4000 documentis
1010 3959 1027 4000 e
1051 3941 1165 4001 Gudeno
1182 3943 1283 4002 reletis.
1310 3943 1393 4002 Adest
1417 3941 1518 4002 ibidem
1535 3953 1566 4001 n⁰
1587 3944 1631 4015 Π,
1661 3941 1755 4001 charte
1781 3939 1893 4001 mnndi

484 4037 648 4098 Coloniensis
670 4037 878 4113 archiepiscopi,
904 4037 969 4097 dete
990 4037 1132 4110 Coloniae,
1154 4054 1218 4096 eun.
1242 4040 1325 4112 tete,
1345 4040 1460 4099 sebbeto
1483 4055 1537 4114 quo
1555 4045 1676 4098 centntnr
1695 4040 1801 4122 coritae
1825 4037 1891 4104 Dei,

483 4149 539 4208 que
556 4135 726 4193 Gerherdum
742 4149 759 4193 n
773 4136 928 4209 captivitate
945 4135 1055 4192 dimittit
1071 4135 1122 4194 sub
1138 4137 1220 4194 certis
1239 4135 1436 4194 conditionibus
1456 4137 1558 4196 ibidem
1571 4135 1721 4212 expressis,
1742 4135 1813 4192 inter
1826 4148 1894 4208 ques

431 4233 437 4250 ¹
483 4233 602 4306 legitur:
618 4232 777 4290 «Omnibus
790 4239 931 4306 presentes
946 4232 1050 4290 litteren
1063 4233 1225 4308 inspecturis
1239 4233 1378 4302 Gcmrdus
1391 4233 1426 4292 de
1440 4233 1569 4308 Sineelre,
1587 4233 1768 4292 Theodericus
1780 4237 1811 4290 et
1822 4229 1892 4290 Sui-

482 4330 570 4396 iridus
583 4329 681 4404 tratres
693 4328 772 4404 [ejus]
783 4337 875 4387 notum
888 4330 1098 4402 essevolumus,
1111 4336 1164 4388 etc.
1180 4331 1237 4390 iioc
1251 4335 1341 4390 nmen
1353 4329 1431 4389 nobis
1447 4331 1554 4389 odeum
1565 4335 1748 4404 protestentur
1759 4327 1833 4402 quod
1843 4339 1892 4385 noe

483 4426 592 4484 domiin
608 4433 698 4484 nostro
716 4423 856 4484 Friderico
875 4444 955 4502 quem
974 4444 1024 4502 pro
1045 4429 1206 4502 imperatore
1221 4434 1337 4486 memus
1351 4443 1384 4484 eo
1403 4424 1511 4484 domiuo
1527 4425 1651 4486 Conrado
1664 4425 1722 4500 rice
1734 4431 1801 4482 ecto
1813 4439 1890 4498 quern

484 4529 603 4580 tenemur
615 4539 665 4598 pro
678 4538 753 4597 repe,
771 4523 794 4582 ei
808 4521 983 4596 personaliter
995 4522 1109 4580 ederunt
1121 4523 1187 4581 citre
1203 4524 1357 4594 Mosellam,
1372 4523 1474 4581 servire
1488 4537 1632 4597 possumus
1645 4527 1674 4580 et
1687 4521 1716 4580 in
1730 4513 1785 4578 hoc'
1799 4511 1892 4577 contre

479 4622 666 4695 juremeutum
678 4628 801 4680 nostmm
814 4636 869 4679 non
882 4621 1006 4681 remmus
1020 4661 1148 4681 .....
1163 4623 1274 4682 Scirum
1287 4623 1369 4681 etiem
1389 4627 1432 4682 eet
1443 4621 1553 4682 domino
1566 4619 1767 4696 erchiepieoopo
1781 4617 1890 4676 domino

481 4735 531 4777 suo
543 4721 613 4793 cepi,
629 4719 653 4778 si
666 4719 843 4796 personeiiter
854 4718 971 4790 affuerit,
986 4718 1215 4793 assererem.»
