4300 5916
516 577 580 640 824
1041 579 1225 644 CONRADI
1249 581 1403 657 QUAM!
1732 579 1816 660 [Aut.
1832 579 1920 644 12t1.

599 739 693 814 (unt.
708 755 757 818 ap.
773 739 897 804 cunm.
912 741 981 805 luc.
998 741 1156 820 hunus,
1173 739 1306 805 drbtnd.
1321 758 1378 804 rar
1392 737 1495 804 uckt.
1509 737 1574 802 und
1589 736 1736 822 Recital·
1753 729 1921 814 ΜΝ»

634 853 657 908 t.
673 846 713 919 11,
729 863 759 925 p.
777 855 828 922 82,
845 859 878 908 n⁰
891 847 1013 928 Lxlll.)

564 1031 760 1106 Fn'dcricus
774 1033 837 1106 Dei
851 1034 963 1126 gratia
978 1031 1213 1108 Romanorum
1231 1036 1418 1132 imperator
1425 1031 1921 1130 semperaugusrusthcmsa-

514 1159 582 1231 lem
601 1169 638 1231 et
657 1159 770 1230 Sicilie
787 1179 852 1230 rex
868 1155 937 1255 (l),
957 1157 1130 1254 universis
1150 1159 1284 1256 imperii
1305 1157 1466 1232 fidelibus
1481 1157 1627 1252 gratiam
1648 1176 1746 1229 suam
1769 1165 1805 1228 et
1819 1176 1921 1230 omne

513 1279 657 1354 bonum.
677 1281 733 1354 Ad
751 1283 961 1377 presentiam
981 1281 1215 1356 universitatis
1234 1291 1350 1355 vestre
1365 1284 1527 1355 volumus
1546 1279 1727 1378 pervenire
1741 1280 1836 1374 quod
1857 1299 1920 1352 nos

512 1401 681 1475 babentes
695 1425 757 1499 pre
773 1406 882 1477 oculis
895 1415 1007 1500 grata,
1023 1406 1150 1480 devota
1163 1405 1501 1502 acacccptascrvitia
1513 1403 1920 1500 queWillielmuscomes

511 1525 715 1600 iuliacensis
727 1529 828 1601 nobis
840 1539 876 1600 et
893 1530 1039 1624 imperio
1053 1529 1222 1603 hactenus
1237 1529 1396 1604 exhibuit
1409 1539 1445 1602 et
1460 1530 1496 1600 in
1511 1537 1615 1601 autea
1631 1528 1782 1623 gratiora
1795 1527 1921 1624 poterit

512 1649 699 1742 exhibere,
717 1652 761 1725 dc
774 1652 894 1727 innata
907 1655 1018 1748 gratia
1027 1665 1145 1727 nostra
1158 1654 1226 1751 ipsi
1236 1653 1403 1751 oppidum
1418 1662 1575 1726 nostrum
1590 1653 1706 1725 Durcn
1721 1673 1785 1749 pro
1797 1651 1918 1724 decem

511 1775 663 1848 millibus
678 1798 871 1849 marcarum
887 1779 1021 1872 argenti
1035 1778 1223 1850 liberaliter
1237 1775 1403 1851 duximus
1417 1778 1662 1874 obligandum3
1681 1777 1804 1872 etipse
1820 1787 1856 1847 et
1866 1775 1918 1848 sui

510 1898 659 1972 heredes
672 1901 804 1973 dictum
820 1901 963 1998 opidum
979 1923 1000 1974 a
1017 1903 1118 1974 nobis
1134 1913 1169 1975 ct
1186 1903 1313 1975 nostris
1328 1903 1585 1975 successoribus
1601 1901 1868 1998 imperatoribus
1884 1910 1919 1973 et

512 2023 651 2118 regibus
670 2025 904 2098 Romanorum
928 2027 1114 2116 tenebunt,
1139 2027 1251 2100 donec
1275 2025 1309 2098 ei
1328 2028 1385 2098 vel
1409 2027 1481 2098 suis
1497 2023 1686 2106 heredibus
1703 2045 1725 2096 a
1743 2023 1845 2096 nobis
1861 2024 1916 2096 vel

511 2147 638 2220 nostris
657 2150 913 2222 successoribus
936 2151 981 2222 de
1003 2151 1202 2247 prescriptis
1219 2151 1343 2223 marcis
1364 2151 1468 2222 luerit
1484 2149 1638 2246 plenarie
1661 2157 1696 2221 et
1717 2169 1780 2245 per
1801 2147 1917 2220 omnia

511 2271 735 2344 satisfactum.
757 2273 833 2358 Quo
853 2275 958 2364 facto,
979 2273 1109 2348 dictum
1127 2275 1294 2372 oppidum
1310 2274 1356 2347 ad
1378 2274 1562 2369 imperium
1586 2273 1693 2345 libere
1707 2283 1912 2362 revertetur,

512 2395 674 2492 idemque
687 2419 805 2470 comcs
819 2409 855 2470 et
868 2400 921 2472 sni
937 2399 1084 2473 heredes
1096 2421 1161 2497 pro
1178 2411 1273 2472 tanta
1288 2399 1400 2492 gratia
1416 2399 1466 2471 cis
1477 2399 1634 2496 impensa
1648 2419 1690 2470 ec
1702 2395 1915 2492 frequentius

510 2521 683 2594 mandatis
704 2522 840 2620 imperii
862 2532 1031 2619 perpetuo
1054 2524 1295 2618 subjacebunt.
1321 2523 1409 2595 Huic
1432 2524 1524 2594 lacto
1547 2531 1667 2594 nostro
1686 2521 1917 2594 interfuerunt
1945 2509 1948 2518 ’

510 2643 705 2718 Fridericus
738 2667 856 2719 comes
888 2647 933 2719 de
962 2647 1175 2738 Lininchen,
1205 2647 1413 2720 Godeiridus
1450 2647 1495 2720 dc
1530 2645 1687 2718 ilohenlc
1719 2643 1793 2743 (a),
1825 2645 1914 2718 Con·

509 2769 614 2842 radus
630 2770 675 2843 de
686 2771 899 2863 Smedevelt‚
910 2772 1011 2844 Crete
1026 2771 1071 2843 dc
1086 2773 1270 2864 Bccsberc‚
1284 2771 1457 2843 Walterus
1472 2770 1637 2865 pincerna
1652 2769 1696 2840 de
1712 2768 1911 2860 Limburch,

507 2894 714 2966 Wilhclmus
727 2896 855 2986 Bonus,
873 2905 910 2967 et
922 2896 981 2969 ulii
995 2896 1230 2992 quamplures.
1247 2897 1285 2967 ln
1298 2897 1397 2990 cujus
1410 2894 1460 2968 rei
1475 2893 1707 2967 testimonium
1726 2915 1869 2990 presens
1882 2893 1914 2966 ei

509 3011 669 3086 dedimus
687 3014 852 3110 scriptum
870 3014 983 3106 sigillo
999 3023 1118 3086 nostru
1131 3014 1316 3086 munitum.

559 3137 684 3209 [lutum
701 3138 868 3210 Cremone
889 3135 957 3236 (b),
974 3159 1067 3210 anno
1089 3138 1260 3210 dominice
1280 3137 1528 3210 incamatiouis
1545 3135 1728 3209 millesimo
1743 3137 1911 3210 ducente·

508 3260 596 3332 simo
612 3261 878 3353 quadragesimo
895 3262 1027 3357 primo,
1045 3282 1164 3335 meuse
1179 3261 1331 3351 octobri,
1348 3261 1618 3357 quintadecima
1636 3259 1835 3333 indictione.

548 3433 590 3514 (a)
612 3435 648 3495 lu
659 3436 799 3514 impresso
812 3432 847 3495 dc
858 3431 942 3509 Hele,
958 3435 1045 3496 male.

547 3537 587 3619 (b)
610 3541 709 3615 Quum
731 3542 786 3602 boc
803 3558 913 3602 nomen
932 3543 1054 3602 mlnlrno
1066 3544 1218 3601 ltlncrarlo
1232 3541 1359 3602 Gouradl
1376 3544 1550 3620 conveniat,
1572 3538 1687 3604 Colonia
1702 3545 1774 3604 sctis
1787 3543 1913 3603 llbenlcr

504 3648 718 3709 restituendum
732 3650 933 3726 proponimus,
949 3648 996 3708 rel
1007 3647 1131 3708 forsitan
1148 3647 1297 3709 Trecenta
1311 3645 1513 3727 (winland).

539 3937 578 4011 (l)
595 3937 681 3997 Notae
693 3937 905 4012 chronologicae,
917 3939 1003 4014 ipsius
1017 3939 1169 3998 documenti
1183 3947 1262 3998 tencr
1274 3945 1302 3999 ct
1314 3940 1474 4016 praesertim
1491 3941 1600 3998 testium
1611 3940 1718 3998 nominc
1731 3940 1830 3998 docmt
1841 3941 1911 3998 banc

503 4035 624 4094 chartam
639 4035 673 4094 cd
687 4035 840 4095 &medum
859 4037 984 4096 Fridcrici
1003 4037 1087 4096 filium
1109 4039 1208 4098 mcum
1229 4038 1381 4114 pertinere,
1396 4039 1468 4096 sicut
1485 4037 1587 4096 diserte
1606 4039 1709 4097 monuit
1729 4037 1908 4112 beelmans,

507 4132 718 4192 Uminrotbbcrc
728 4135 830 4207 stiicltc,
844 4151 873 4210 p.
883 4135 1017 4194 LXXXV.
1029 4136 1216 4194 Conludonem
1224 4152 1294 4210 quac
1305 4137 1333 4194 in
1342 4136 1434 4194 codice
1440 4135 1596 4212 irrepserat,
1609 4152 1663 4195 non
1672 4136 1775 4195 detexit
1786 4138 1909 4196 Kreurer.
