4352 5940
249 667 339 709 surm.
355 646 406 724 6.]
683 635 880 699 tllsroltltt
904 635 1202 698 otrtottllmctl.
1589 644 1650 706 613

237 783 331 855 mino
356 780 526 852 Ricovero
547 771 738 848 camerario
758 769 915 843 comunis
935 769 1097 842 Senensis
1119 769 1296 864 recipienti
1320 793 1384 865 pro
1406 773 1529 846 eodem
1552 799 1648 850 eom·

237 905 334 976 muni
357 924 413 976 me
435 899 607 996 recepisse
628 906 664 970 et
683 895 845 968 babuisse
866 914 889 965 a
912 905 944 966 te
968 896 1125 966 solvente
1147 916 1211 989 pro
1231 896 1307 990 ipso
1325 901 1499 970 communi
1515 901 1649 993 integre

237 1029 388 1101 LXXXII
407 1026 513 1098 libras
530 1022 752 1094 denariorum
765 1018 969 1092 Senensium
983 1018 1019 1088 in
1035 1038 1106 1089 una
1123 1027 1221 1112 parte
1238 1041 1302 1113 pro
1317 1019 1458 1094 domino
1472 1023 1649 1098 Tbebaldo

236 1153 281 1225 de
293 1153 558 1224 lllontecereone
573 1155 608 1216 et
621 1144 707 1216 alies
719 1143 871 1215 [XXXll
884 1141 990 1212 libras
1005 1140 1041 1211 in
1055 1141 1123 1213 alia
1139 1151 1237 1235 parte
1254 1163 1317 1237 pro
1334 1143 1525 1218 Gottilredo
1544 1148 1649 1219 fratre

237 1295 316 1346 meo
331 1272 403 1345 lilio
416 1271 500 1343 dicti
514 1267 645 1341 domini
662 1265 811 1339 llaiuerii
828 1277 864 1337 et
879 1266 1034 1360 ipsorum
1048 1265 1188 1337 nomine
1208 1295 1216 1338 ε
1234 1287 1321 1358 quos
1335 1268 1495 1342 denarios
1512 1271 1577 1364 ipsi
1592 1295 1648 1344 re·

236 1397 352 1492 cipere
368 1407 404 1467 et
418 1396 548 1467 habere
567 1391 745 1465 debebant
761 1411 783 1460 a
800 1388 940 1461 comuni
956 1389 1100 1461 Senensi
1117 1410 1180 1482 pro
1197 1411 1317 1462 eorum
1334 1391 1438 1464 leudo
1455 1393 1528 1465 sive
1549 1395 1648 1468 soldo

236 1542 257 1591 a
271 1519 439 1614 proximis
452 1515 610 1589 kalendis
624 1513 787 1586 febroarii
803 1524 909 1604 retro,
928 1511 1109 1585 occasione
1124 1512 1256 1584 servitii
1272 1523 1307 1584 et
1321 1535 1385 1608 pro
1400 1517 1540 1590 servitio
1553 1519 1650 1612 quod

236 1645 394 1716 lecerunt
406 1663 470 1737 pro
487 1641 580 1714 dicto
595 1649 751 1733 tempore
766 1637 890 1709 stando
904 1636 940 1706 in
959 1635 1115 1707 exercitu
1129 1635 1261 1708 domini
1275 1636 1491 1732 imperatoris
1502 1641 1539 1712 iu
1552 1643 1650 1716 lom·

237 1767 358 1839 bardia
371 1766 407 1837 in
420 1765 601 1837 obsidione
609 1763 732 1834 Parme
744 1782 809 1856 pro
817 1759 957 1832 comuni
970 1759 1132 1848 Senensi;
1148 1769 1183 1830 et
1194 1759 1273 1831 ideo
1287 1782 1352 1853 ego
1364 1761 1649 1838 diotusAlbertus

236 1911 299 1984 pro
313 1890 459 1983 meipso
474 1898 510 1960 et
522 1909 587 1980 ego
601 1886 750 1958 lacobus
765 1884 879 1977 Ugerii
895 1903 958 1979 pro
972 1904 1014 1954 eo
1028 1893 1189 1978 presente
1204 1893 1239 1954 et
1250 1883 1437 1957 mandante
1453 1897 1488 1960 et
1497 1899 1649 1984 uterque

236 2015 272 2086 in
296 2013 445 2086 solidum
468 2019 626 2083 nostrum
648 2009 882 2104 principaliter
902 2017 938 2078 et
960 2007 1187 2100 personaliter
1210 2007 1397 2102 obligando
1419 2012 1589 2105 solempni
1613 2024 1648 2085 et

236 2137 404 2229 legittima
426 2135 648 2230 stipulatione
673 2130 1132 2227 interposin‚promittimus
1153 2130 1214 2200 tibi
1237 2130 1330 2204 dicto
1350 2135 1540 2207 camerario
1556 2137 1645 2208 reci·

236 2260 343 2355 pienti
359 2281 423 2354 pro
439 2258 564 2331 eodem
585 2257 725 2329 comuni
746 2277 810 2327 nos
831 2256 943 2326 taliter
958 2255 1110 2326 facturos
1129 2263 1165 2325 et
1188 2263 1368 2328 curaturos
1387 2257 1483 2350 quod
1498 2259 1645 2354 predicti

237 2383 450 2456 Gottilredus
465 2392 500 2453 et
515 2380 734 2452 Theobaldus
750 2379 930 2450 habebunt
945 2387 1054 2450 ratam
1072 2388 1108 2449 et
1125 2376 1260 2450 firmam
1276 2377 1368 2451 hano
1383 2381 1590 2454 solutionem
1611 2393 1646 2455 et

235 2507 376 2578 stabunt
392 2506 475 2577 inde
498 2504 590 2576 taciti
609 2513 645 2575 et
661 2502 829 2590 contenti,
841 2510 877 2573 et
893 2500 987 2595 quod
1006 2501 1072 2596 ipsi
1091 2503 1148 2573 vel
1169 2503 1258 2573 alter
1275 2523 1396 2574 eorum
1412 2506 1468 2575 vel
1483 2505 1571 2576 alius
1584 2507 1645 2599 qui

237 2631 364 2702 babeat
377 2631 436 2722 jus
451 2629 506 2701 vel
524 2649 665 2700 causam
684 2627 730 2698 eb
750 2627 800 2698 eis
818 2627 875 2698 vel
894 2626 1012 2718 aliquo
1033 2625 1078 2696 de
1098 2625 1262 2720 predictis
1282 2627 1432 2698 denariis
1452 2629 1508 2699 vel
1528 2629 1647 2722 aliquo

235 2775 357 2828 eorum
373 2756 428 2826 vel
447 2774 568 2825 eorum
583 2751 764 2824 occasione
778 2752 909 2821 nullam
922 2751 967 2822 de
980 2759 1096 2821 cetero
1113 2749 1209 2821 litem
1222 2751 1278 2822 vel
1292 2751 1426 2842 brigam
1437 2753 1494 2822 vel
1510 2763 1646 2826 contro-

235 2877 384 2950 versiam
406 2877 533 2948 sacient
553 2877 609 2947 vel
631 2874 823 2947 movebunt
840 2873 979 2946 comuni
995 2873 1139 2944 Senensi
1157 2873 1214 2944 vel
1234 2873 1293 2944 elii
1308 2895 1372 2969 pro
1389 2877 1544 2967 comuni,
1561 2887 1596 2948 et
1617 2879 1646 2950 si

232 3012 355 3074 contra
370 3003 499 3073 lactum
513 2999 616 3071 luerit
631 2999 687 3071 vel
703 2997 752 3071 sic
767 3020 838 3070 non
852 2999 1089 3084 observatum,
1108 2997 1238 3068 dictum
1255 3018 1403 3069 comune
1422 3008 1458 3071 et
1473 3008 1507 3070 te
1526 3021 1589 3093 pro
1604 3021 1646 3074 eo

233 3135 271 3196 et
291 3145 510 3197 successores
532 3135 609 3196 tuos
631 3133 667 3195 et
687 3123 779 3193 bona
799 3121 969 3215 indepnes
991 3119 1119 3192 exinde
1138 3121 1342 3215 spondimus
1357 3143 1565 3196 conservare
1581 3125 1647 3196 sub

234 3268 327 3343 pena
342 3247 440 3342 dupli
460 3248 551 3318 illius
575 3246 669 3319 unde
690 3247 732 3316 lis
750 3244 866 3334 lieret,
885 3267 907 3316 a
925 3245 1025 3316 nobis
1047 3245 1107 3315 tibi
1129 3245 1308 3339 recipienti
1324 3267 1388 3341 pro
1404 3247 1544 3318 comuni
1562 3269 1645 3342 pro·

235 3371 340 3444 missa
352 3382 388 3443 et
401 3393 443 3443 ea
454 3372 534 3444 data
543 3370 618 3468 (sic)
630 3379 670 3442 ut
683 3369 814 3442 dictum
829 3379 882 3440 est
895 3369 1100 3457 observere;
1114 3369 1307 3460 obligantes
1319 3370 1354 3440 in
1369 3368 1423 3440 his
1434 3391 1499 3442 nos
1513 3381 1548 3442 et
1562 3392 1643 3443 nos·

234 3505 306 3566 tros
317 3495 465 3567 heredes
481 3494 542 3566 tibi
557 3505 593 3566 et
606 3493 861 3566 successoribus
878 3492 945 3563 tuis
955 3491 1090 3564 etboue
1103 3503 1221 3563 nostre
1231 3492 1382 3586 pignori3
1401 3495 1646 3567 renunciantes

234 3618 431 3714 exceptioni
445 3640 516 3690 non
530 3627 711 3689 numerate
728 3626 764 3688 et
776 3637 846 3687 non
856 3612 997 3709 ¹recepte
1012 3615 1172 3710 pecunie,
1189 3613 1358 3689 beneficio
1373 3639 1464 3689 nove
1480 3619 1647 3690 constitu·

236 3741 339 3814 tionis
362 3753 398 3813 et
417 3741 598 3837 privilegio
619 3741 683 3814 lori
706 3751 741 3812 et
760 3739 855 3811 omui
879 3741 995 3830 legum
1014 3749 1049 3810 et
1066 3739 1156 3831 juris
1172 3740 1317 3811 auxilio.
1335 3740 1379 3811 Et
1393 3762 1458 3832 ego
1473 3741 1645 3813 Orlandus

234 3866 390 3937 notarius
405 3865 643 3958 infrascriptos
659 3863 823 3959 predictis
840 3863 1036 3934 volentibus
1059 3873 1094 3933 et
1114 3861 1358 3934 confitentibus
1376 3863 1547 3958 predicta,
1564 3887 1645 3960 pre·

233 3988 312 4083 cepi
325 3989 466 4059 nomine
482 3987 687 4058 sacramenti
704 3996 739 4058 et
753 3987 964 4078 guarentisie
981 3996 1020 4058 ut
1040 3986 1172 4058 dictum
1197 3995 1411 4058 contractum
1431 4009 1494 4082 per
1508 3989 1646 4080 singula

234 4111 423 4182 observent
436 4120 470 4182 et
483 4121 605 4182 contra
621 4131 691 4182 non
708 4111 851 4181 veniant
865 4112 937 4182 ullo
954 4111 1058 4182 modo
1075 4119 1109 4180 et
1123 4111 1249 4181 iaciant
1266 4111 1455 4182 observari.

282 4235 409 4306 Actum
432 4235 531 4306 Senis
558 4235 592 4304 in
616 4233 807 4306 Bicchema
830 4255 948 4306 coram
969 4232 1117 4305 dominis
1137 4233 1309 4328 Tberpolo
1333 4235 1491 4325 Comitis,
1514 4237 1643 4328 Orgese

232 4357 402 4448 blainetti‚
423 4357 582 4430 linaccio
592 4357 785 4449 Guamerii,
805 4360 933 4451 Jacopo
949 4357 1143 4450 Siguoruoli
1160 4367 1195 4428 et
1208 4357 1322 4430 Adota
1336 4358 1485 4448 notario,
1501 4359 1646 4432 testibus

235 4481 454 4575 presentibus
474 4493 510 4553 et
529 4481 670 4574 rogatis.
688 4483 762 4575 Ego
785 4480 958 4556 Orlandus
982 4481 1136 4552 notarius
1156 4479 1247 4552 lilius
1269 4482 1447 4575 quondam
1468 4482 1647 4556 Attaviani

234 4603 399 4698 predictis
411 4605 551 4676 interlui
564 4615 601 4679 et
615 4626 657 4678 ea
673 4614 813 4700 rogatus
826 4605 947 4699 scripsi
962 4613 998 4677 et
1011 4604 1198 4699 publicavi.

320 4851 371 4914 l'l.
391 4867 477 4911 rma.
