4306 5914
403 723 406 728 ,
527 646 590 710 ees
976 683 979 689 .
1024 639 1440 707 rnrunnrcrsscuunr
1742 647 1826 728 [ms.
1847 649 1935 713 rste.

525 783 586 856 alii
608 781 733 854 milites
754 779 800 852 de
823 776 1004 868 Vercellis,
1021 774 1142 850 fideles
1164 779 1292 869 nostri,
1311 779 1430 852 statuti
1452 799 1557 876 super
1575 777 1822 856 distribuendis
1837 783 1938 856 bonis

525 908 742 1005 proditorum
762 903 1032 979 vercellensium
1052 902 1144 974 inter
1165 901 1287 976 fideles
1307 913 1444 977 nostros
1468 903 1617 977 civitatis
1638 907 1813 1000 ejusdem,
1829 909 1937 980 inira-

526 1033 654 1128 scripta
668 1032 761 1104 bona
782 1027 947 1102 videlicet
968 1027 1110 1100 domum
1128 1047 1233 1099 unam
1248 1023 1319 1121 'que
1334 1028 1401 1099 fuit
1414 1029 1456 1100 R.
1475 1029 1576 1102 sitam
1589 1029 1626 1101 in
1640 1032 1807 1104 contrade
1821 1033 1938 1106 Sancti

525 1155 653 1231 loliani
675 1161 711 1227 et
733 1152 876 1228 domum
895 1153 932 1224 S.
955 1151 1057 1224 silam
1075 1152 1112 1224 in
1132 1152 1194 1226 tuli
1218 1151 1286 1224 loco
1308 1162 1344 1225 et
1360 1163 1471 1248 totum
1494 1153 1624 1249 podere
1641 1155 1735 1249 quod
1752 1157 1816 1230 luit
1832 1158 1873 1231 G.
1892 1159 1937 1230 de

504 1259 644 1364 ¹'Raone
663 1291 697 1354 et
718 1288 829 1352 totum
854 1276 983 1374 podere
1005 1277 1101 1372 quod
1124 1276 1189 1348 tuit
1209 1277 1256 1350 bi.
1276 1299 1355 1350 cum
1374 1278 1513 1370 juribus
1528 1287 1563 1350 et
1581 1280 1798 1374 pertinentiis
1817 1303 1937 1354 eorum

528 1403 642 1480 eidem
661 1405 742 1478 Ver.
761 1401 857 1476 fideli
881 1411 1000 1475 nostro
1022 1401 1237 1498 providerint
1259 1403 1332 1474 scre
1361 1402 1496 1496 danda,
1521 1425 1562 1476 ea
1589 1404 1654 1476 sibi
1678 1406 1870 1478 concedere
1893 1408 1938 1481 de

527 1539 645 1604 nostra
665 1527 776 1622 gratia
794 1527 1028 1618 dignaremur.
1047 1527 1119 1598 Nos
1139 1536 1257 1599 autem
1278 1527 1498 1600 attendentes
1513 1537 1550 1600 et
1563 1528 1823 1603 considerantes
1840 1543 1939 1625 grata

528 1653 668 1729 servitia
684 1661 720 1726 et
733 1662 876 1748 accepta
891 1671 959 1746 que
973 1650 1048 1746 ipse
1063 1652 1102 1724 B.
1122 1647 1201 1746 (sic)
1221 1660 1339 1724 nostre
1357 1649 1554 1724 celsitudini
1568 1653 1706 1748 prebuit
1720 1654 1889 1728 hactenus
1904 1667 1940 1730 et

529 1779 696 1854 exhibere
712 1778 838 1875 poterit
850 1761 1065 1866 infuturum,
1078 1775 1338 1872 predictahona
1352 1787 1455 1873 prout
1466 1776 1671 1876 interimet)
1686 1787 1767 1852 sunt
1782 1779 1939 1874 distinla,¹

531 1905 645 1978 eidem
665 1905 706 1976 B.
723 1912 759 1976 et
777 1901 966 1975 heredibus
986 1901 1057 1974 suis
1075 1899 1236 1974 fidelibus
1257 1901 1385 1974 uostris
1406 1902 1443 1975 in
1465 1899 1534 1975 fide
1558 1913 1594 1976 et
1615 1905 1800 1978 devotione
1822 1915 1940 1980 nostra

505 2019 511 2028 ’
530 2027 793 2126 persistentibus
813 2025 858 2099 de
875 2035 993 2134 nostra
1014 2026 1125 2120 gratia
1147 2024 1313 2098 duximus
1333 2025 1575 2118 concedenda3
1596 2027 1645 2100 ita
1665 2028 1828 2101 videlieet
1843 2031 1940 2125 quod

531 2164 602 2236 tam
622 2154 697 2249 ipse
716 2173 822 2247 wem
841 2151 990 2224 heredes
1008 2151 1062 2224 sui
1084 2151 1177 2224 bona
1193 2150 1268 2246 ipsa
1280 2171 1302 2223 e
1316 2150 1418 2225 nobis
1435 2162 1471 2225 et
1491 2153 1745 2226 successoribus
1759 2155 1887 2228 nostris
1902 2156 1938 2228 in

530 2279 675 2376 imperio
688 2278 733 2351 de
749 2287 865 2350 cetero
884 2284 1025 2348 teneant
1038 2297 1081 2348 ae
1094 2275 1198 2348 etiam
1213 2287 1477 2368 recognoscant,
1495 2287 1532 2349 et
1547 2287 1617 2350 tam
1627 2279 1701 2374 ipse
1715 2301 1821 2373 quam
1835 2279 1937 2352 here·

531 2405 595 2478 des
612 2403 666 2476 sui
682 2402 800 2475 debita
812 2417 847 2474 et
859 2409 1026 2474 consueta
1041 2400 1183 2474 servitia
1198 2399 1299 2474 nobis
1314 2411 1351 2473 et
1366 2401 1511 2497 imperio
1528 2401 1642 2476 iacere
1657 2412 1852 2477 teneantur.
1863 2407 1940 2478 Sta·

533 2529 660 2603 luimus
673 2527 778 2620 igitur
791 2538 828 2598 ct
840 2525 1009 2623 imperiali
1021 2526 1196 2598 sancimus
1209 2526 1323 2599 edicto
1338 2526 1501 2620 quatinus
1514 2528 1631 2599 nullus
1644 2527 1810 2619 marchio,
1824 2551 1941 2602 comes

531 2633 589 2728 vel
603 2653 700 2744 baro,
719 2653 836 2724 nullus
852 2651 999 2744 legatus,
1015 2650 1179 2742 vicarius,
1196 2650 1412 2746 capitaneus,
1427 2651 1548 2724 consul
1560 2653 1617 2724 vel
1634 2673 1832 2745 commune,
1845 2655 1941 2726 nulla

532 2776 683 2871 denique
699 2797 848 2873 persona
862 2776 932 2846 alta
945 2775 1002 2848 vel
1015 2774 1169 2865 humilis,
1186 2774 1417 2847 ecclesiastica
1433 2775 1607 2847 ueletiam
1622 2776 1802 2870 secularis,
1821 2788 1942 2850 contra

532 2902 703 2999 presentis
723 2900 842 2996 scripti
863 2899 972 2973 nostri
997 2908 1152 2971 tenorem
1174 2919 1262 2970 ausu
1286 2899 1468 2972 temerario
1491 2899 1610 2972 uenire
1633 2911 1821 2996 presumat.
1839 2903 1942 2989 Quod

532 3027 594 3123 qui
607 3024 866 3122 presumpserit,
886 3032 1002 3118 preter
1017 3022 1288 3116 indignationem
1305 3033 1459 3096 nostram
1474 3047 1579 3120 quam
1589 3047 1626 3096 se
1636 3025 1940 3099 noveritinoursu·

536 3159 775 3244 rum,centum
786 3147 941 3221 marchas
949 3149 1082 3242 argenti
1095 3170 1158 3244 pro
1172 3170 1262 3244 pena
1276 3171 1314 3222 se
1328 3149 1597 3248 compositurum
1614 3161 1791 3244 agnoscat,
1812 3152 1943 3225 medie·

535 3286 607 3350 tate
629 3295 765 3348 camere
789 3283 905 3348 nostre
926 3283 961 3346 et
983 3273 1115 3368 reliqua
1137 3273 1323 3346 medietate
1347 3295 1448 3369 passo
1470 3275 1629 3367 injuriam
1651 3277 1869 3371 applicanda.
1885 3277 1943 3352 rid

536 3401 640 3494 hujus
656 3398 887 3473 concessionis
899 3395 1017 3472 nostre
1033 3397 1234 3471 memoriam
1248 3406 1284 3472 et
1298 3399 1418 3492 robur,
1437 3421 1580 3496 presens
1595 3399 1760 3497 scriptum
1774 3411 1943 3498 perpetuo

537 3524 745 3616 valiturum,
774 3532 840 3596 etc.
868 3521 927 3619 f...
959 3579 967 3594 .
998 3575 1008 3596 .
1038 3575 1048 3597 .
1078 3575 1088 3596 .
1120 3576 1129 3596 .
1160 3575 1169 3595 .
1200 3575 1210 3596 .
1240 3575 1250 3618 ς
1282 3575 1938 3602 .................

386 3913 395 3970 r
428 3927 457 3959 ω
592 3871 819 3979 Fridericus,
847 3869 1107 3955 Romanorum
1131 3871 1352 3981 imperator,
1378 3871 1532 3956 Vataoio
1556 3871 1783 3957 Graecorum
1812 3871 1942 3980 impe-

539 4005 654 4090 ratori
673 4003 823 4088 nuntiat
840 4005 1033 4115 quomodo
1059 4006 1270 4088 sacerdotes
1292 4005 1480 4090 Ecclesiae
1502 4004 1744 4090 occidentalis
1773 4031 1850 4088 nou
1876 4032 1945 4090 so-

580 4192 624 4276 (o)
644 4195 711 4264 Slc.
727 4196 824 4274 potius
837 4199 937 4254 umen
951 4192 1109 4272 legendum
1120 4195 1270 4274 superium

539 4487 606 4548 civis
618 4487 796 4546 vercellensis
811 4487 857 4560 qui
870 4501 918 4560 pro
932 4501 965 4544 ec
977 4486 1049 4560 quod
1060 4485 1137 4560 quasi
1148 4487 1183 4546 de
1196 4487 1294 4546 nichilo
1306 4487 1437 4547 exulatus
1448 4487 1499 4546 luit
1510 4490 1545 4547 de
1558 4487 1637 4547 bouis
1649 4487 1782 4558 liccleeie,
1796 4487 1907 4546 deberet
1921 4491 1945 4546 si

459 4660 462 4675 Ι
539 4592 612 4646 recte
629 4592 737 4658 saperet
756 4585 837 4643 etism
855 4585 968 4658 vestigia
989 4584 1079 4644 labere
1100 4585 1270 4652 clericorum,
1287 4588 1426 4646 Fnederico
1447 4589 1580 4662 quondam
1599 4587 1755 4662 imperatori
1774 4587 1946 4661 impudenter

539 4685 666 4744 adtremat
682 4689 709 4742 et
727 4687 860 4758 pomnen,
875 4689 928 4740 etc.
943 4683 1040 4742 Datum
1052 4681 1190 4758 Lugduni,
1210 4683 1289 4742 nonis
1302 4685 1417 4760 januarii
1429 4701 1500 4744 anne
1513 4685 1549 4746 Vl
1562 4685 1593 4760 (5
1603 4683 1719 4759 junuarii
1733 4682 1829 4757 tate).
1847 4701 1859 4736 a
1876 4681 1943 4741 God.

538 4779 613 4840 Bt'dl.
624 4781 716 4841 cmc.
731 4780 834 4853 Paria,
849 4782 931 4840 tene.
976 4793 980 4802 ·
