4352 5940
219 647 320 706 lucror.
337 643 383 720 5.]
574 715 579 723 1
669 639 868 703 HISTORIA
891 640 1193 706 bretonaslce.
1571 643 1632 705 563

268 781 308 852 ln
330 775 470 852 nornine
490 774 553 847 Dei
577 776 704 864 eterni,
724 797 840 849 amen.
858 774 962 848 Anno
988 774 1160 849 dominice
1180 775 1428 848 incarnationis
1450 776 1634 851 millesimo

221 902 459 976 ducentesimo
482 898 748 991 quadragesimo
771 897 940 994 septimo,
959 920 1077 971 mense
1099 899 1255 993 augusti,
1274 897 1394 992 quinte
1415 899 1630 994 indictionis,

219 1027 413 1122 imperante
432 1023 576 1095 domino
598 1033 718 1094 nostro
739 1021 922 1095 Fredcrico
940 1023 1004 1094 Dei
1024 1023 1136 1116 gratia
1156 1003 1380 1096 invictissimo
1399 1023 1633 1098 Romanorum

218 1149 429 1244 imperatore
445 1167 584 1240 semper
596 1155 756 1238 augusto,
770 1145 985 1216 Hierusalem
1000 1155 1035 1216 et
1050 1145 1163 1217 Sicilie
1175 1145 1419 1238 gloriosissimo
1434 1167 1530 1238 rege,
1541 1169 1634 1222 anno

219 1271 356 1368 imperii
375 1269 533 1363 ejusdem
554 1268 721 1342 vicesimo
738 1269 885 1362 septimo
903 1268 1062 1358 feliciter,
1082 1289 1198 1340 amen.
1217 1268 1288 1340 Nos
1307 1268 1484 1363 Philippus
1502 1268 1547 1340 de
1569 1271 1633 1342 Ca·

221 1394 353 1484 tbania,
365 1392 554 1488 imperialis
567 1391 732 1483 magister
743 1391 953 1464 camerarius
968 1393 1004 1461 in
1020 1391 1135 1464 Sicilia
1151 1392 1237 1464 citra
1253 1392 1383 1463 flumen
1395 1392 1544 1483 Salsum,
1552 1414 1633 1487 pre·

219 1518 310 1590 senti
324 1519 453 1611 scripto
467 1524 588 1587 notum
605 1514 750 1586 iacimus
762 1514 934 1586 universis
947 1515 1042 1607 quod
1055 1537 1135 1586 oum
1149 1535 1304 1586 essemus
1318 1514 1412 1608 apud
1425 1516 1632 1587 Panormum

220 1662 284 1737 pro
305 1640 455 1712 servitiis
477 1639 712 1734 imperialibus
732 1638 966 1730 exequendis,
984 1638 1158 1710 assidente
1181 1637 1282 1709 nobis
1306 1639 1470 1730 magistro
1491 1638 1634 1713 Nicolao

221 1763 266 1836 de
282 1761 368 1835 Asta
385 1762 573 1858 imperialis
589 1761 684 1832 curie
696 1761 835 1854 judice,
855 1771 891 1832 et
911 1761 1052 1833 domino
1068 1761 1251 1833 Guillelmo
1267 1761 1312 1832 de
1327 1762 1500 1834 Panormo
1515 1763 1632 1834 Bicca·
1650 1824 1657 1838 .

220 1887 316 1959 rensi
332 1886 499 1959 canonico
515 1894 656 1980 petente
672 1906 693 1957 a
709 1884 809 1955 nobis
825 1883 890 1955 sibi
906 1883 994 1955 solvi
1010 1884 1162 1957 decimas
1178 1883 1314 1957 debitas
1330 1884 1396 1979 ipsi
1414 1885 1547 1958 rationo
1566 1886 1634 1957 Pa-

220 2011 416 2083 normitano
430 2009 550 2080 matris
563 2007 709 2081 ecclesie
726 2006 770 2079 do
784 2007 1010 2102 proventibus
1026 2017 1184 2079 veterum
1205 2008 1434 2103 imperialium
1448 2007 1634 2083 demanio·

220 2156 301 2205 rum
324 2144 417 2205 terre
440 2131 588 2205 biccaris
605 2131 651 2204 ad
670 2129 821 2203 officium
841 2139 999 2202 nostrum
1021 2130 1253 2224 spectantium
1271 2153 1335 2224 pro
1352 2151 1445 2204 anno
1461 2132 1631 2226 presenti,

221 2256 344 2350 quinte
360 2254 576 2344 indictionis,
594 2253 684 2326 sicut
699 2274 758 2326 eas
777 2253 956 2325 retroactis
974 2252 1186 2348 temporibus
1204 2251 1298 2324 idem
1314 2252 1475 2324 dominns
1490 2254 1633 2326 Guillel-

222 2400 300 2450 mus
322 2379 501 2475 percipere
522 2377 703 2450 cousuevit
722 2374 1011 2474 delproventibus
1036 2375 1137 2473 ipsis,
1160 2375 1342 2470 imperiale
1363 2375 1566 2448 mandatum
1588 2377 1633 2450 de
1677 2409 1679 2414 ·

222 2502 400 2575 solvendis
418 2501 721 2597 decimisprelatis
737 2501 960 2572 ecclesiarum
983 2509 1019 2572 et
1034 2500 1168 2572 clericis
1182 2499 1284 2570 nobis
1301 2500 1431 2571 lactum
1449 2500 1634 2574 observare

221 2626 398 2714 volentes,
417 2625 581 2696 videlicet
606 2623 746 2718 quoda
767 2622 909 2719 prelatis
934 2631 970 2694 et
993 2622 1069 2694 aliis
1091 2622 1226 2694 clericis
1246 2622 1495 2714 jurisdictionis
1517 2633 1634 2696 nostre

221 2747 398 2844 predictas
414 2745 566 2819 decimas
580 2747 700 2819 exolvi
714 2746 779 2817 sibi
795 2744 993 2840 petentibus
1012 2745 1235 2840 probationes
1250 2745 1428 2839 requirere
1444 2746 1635 2818 debeamus

222 2871 319 2966 qnod
337 2881 494 2965 tempore
512 2870 628 2942 obitus
645 2869 765 2941 matris
781 2869 937 2960 ejusdem
958 2869 1089 2940 domini
1112 2869 1222 2940 nostri
1242 2868 1634 2966 recordationisinclyte

222 3003 259 3066 et
273 2992 404 3066 abinde
415 3015 525 3086 usque
538 3014 632 3065 nunc
644 2992 680 3062 in
693 2989 836 3086 pacifica
849 2991 1067 3086 possessione
1079 2991 1208 3063 luerint
1220 2991 1450 3086 perceptionis
1465 2992 1630 3087 ipsarum,

220 3116 416 3212 apredicto
433 3114 574 3187 domino
590 3115 773 3186 Guillelmo
789 3135 895 3210 super
909 3115 1074 3210 predictis
1095 3115 1237 3186 decimis
1254 3114 1298 3184 ab
1314 3135 1356 3186 eo
1373 3115 1490 3207 petitis
1505 3116 1631 3210 proba·

220 3239 335 3311 tiones
349 3238 548 3331 huiusmodi
562 3237 805 3331 requisivimus
821 3237 1008 3309 iaciendas.
1031 3236 1096 3322 Qui
1115 3235 1393 3332 adprobandum
1409 3235 1453 3308 de
1470 3239 1550 3330 jure
1570 3256 1634 3309 suo

220 3383 328 3457 super
343 3361 507 3457 predictis
524 3359 667 3434 decimis
683 3361 907 3456 quamplures
924 3369 1029 3432 testes
1044 3359 1212 3454 produxit
1229 3381 1347 3432 coram
1362 3360 1527 3452 magistro
1542 3360 1634 3434 Mar·

221 3485 296 3558 tino
317 3484 363 3557 de
382 3482 595 3556 Calatbalimi
617 3483 735 3576 jndice
759 3493 999 3555 contractuum
1022 3483 1059 3554 in
1081 3484 1252 3556 Panormo
1277 3492 1312 3554 et
1334 3483 1499 3574 magistro
1509 3483 1635 3556 Iuncta

220 3593 570 3702 publIootabellione
589 3606 746 3698 ejusdem
766 3615 871 3696 terre,
887 3605 1013 3699 quibus
1030 3625 1135 3699 super
1151 3602 1220 3675 hoc
1241 3625 1305 3699 pro
1327 3613 1425 3699 parte
1448 3605 1635 3699 imperialis

222 3729 319 3802 curie
349 3728 582 3800 commisimus
610 3727 725 3801 vicem
756 3737 924 3800 nostram.
950 3727 1106 3812 Quorum
1134 3725 1273 3798 testium
1305 3724 1539 3820 depositiones
1569 3727 1635 3800 sub

222 3851 344 3944 sigillis
361 3851 597 3947 predictorum
611 3861 646 3923 et
659 3851 846 3947 imperialis
863 3851 959 3923 curie
975 3849 1169 3944 recepimus
1184 3858 1412 3945 presentatas.
1431 3851 1502 3924 Nos
1517 3862 1634 3923 autem

222 3976 284 4068 qui
301 3997 408 4071 supra
425 3976 590 4068 magister
602 3975 829 4066 camerarius,
846 3975 930 4069 ipsis
943 3973 1216 4070 depositionibus
1232 3972 1415 4066 publicatis
1430 3984 1465 4045 et
1481 3974 1633 4068 ipsarum
1705 3989 1708 3995 ’

222 4099 377 4172 efficacia
393 4099 576 4190 diligenter
591 4099 746 4194 inspecta
764 4120 805 4170 ac
819 4097 959 4170 demum
974 4097 1094 4168 habito
1110 4117 1215 4191 super
1229 4096 1312 4191 ipsis
1329 4096 1473 4169 consilio
1489 4097 1635 4190 diligen-

223 4231 290 4312 ter,
311 4221 395 4314 quia
413 4211 609 4294 invenimus
625 4222 758 4295 dictum
773 4222 952 4296 dominum
974 4205 1195 4293 Guillelmum
1212 4220 1257 4291 de
1272 4220 1443 4291 Panormo
1460 4219 1633 4292 sufficien-

224 4354 280 4418 ter
295 4345 463 4439 probasse
478 4345 574 4440 quod
589 4347 664 4441 ipse
685 4357 720 4418 et
741 4346 1004 4443 predecessores
1020 4345 1074 4416 sui
1089 4355 1244 4439 tempore
1261 4343 1376 4415 obitus
1392 4343 1472 4415 dive
1489 4356 1635 4438 auguste

224 4457 455 4564 imperatricis
474 4469 672 4542 Constantis
695 4469 814 4541 matris
837 4468 968 4540 domini
989 4468 1098 4539 nostri
1121 4467 1230 4538 felicis
1248 4466 1413 4537 memorie
1427 4478 1473 4561 ²et
1490 4467 1536 4538 ab
1553 4467 1635 4540 inde

225 4611 337 4685 nsque
354 4612 449 4663 nunc
462 4593 603 4664 luerunt
617 4593 654 4663 in
668 4590 813 4688 pacifica
828 4591 1044 4687 possessione
1062 4591 1119 4662 vel
1135 4589 1234 4683 quasi
1248 4589 1470 4684 perceptione
1486 4589 1636 4662 decima-

225 4737 304 4788 rum
319 4715 570 4811 predictarum,
585 4717 805 4813 permisimus
826 4715 957 4788 dictum
977 4714 1156 4786 dominum
1178 4714 1398 4786 Guillelmum
1414 4713 1480 4784 lrui
1497 4724 1532 4785 et
1549 4734 1634 4807 gau·
