4352 5940
241 635 341 693 lenter.
358 630 404 707 6.]
685 626 884 688 ursnonln
909 629 1207 692 nlrnounrlcn.
1590 626 1647 688 611

240 761 665 858 Frisingensi,Pataviensi
671 761 931 857 ,Ratisponensi
945 765 1115 861 episcopis
1123 788 1166 840 ac
1178 765 1306 839 dilecto
1319 762 1391 836 filio
1402 764 1513 836 electo
1520 761 1655 856 Augus·

244 889 330 962 tensi
350 897 387 960 et
402 886 618 984 procuratori
636 885 782 958 ecclesie
800 885 1058 981 salzburgensis
1077 891 1224 962 salntem
1247 899 1283 962 et
1298 887 1523 984 apostolicam
1544 887 1653 958 bene·

243 1013 444 1087 dictionem.
474 1011 582 1102 Cum,
611 1008 700 1080 sicut
728 1008 876 1082 dilectos
899 1007 991 1084 filius
1020 1013 1148 1085 nobilis
1176 1011 1233 1084 vir
1259 1009 1437 1085 Corradus
1463 1029 1581 1082 eomes
1610 1007 1655 1082 de

243 1137 457 1226 Wazeburn,
473 1132 733 1224 crucesignatus
745 1133 897 1206 Ecclesie
912 1134 1065 1208 Romane
1082 1136 1249 1227 devotus,
1268 1134 1370 1208 nobis
1390 1132 1552 1229 exposuit
1570 1151 1655 1206 con·

243 1258 436 1356 querendo,
444 1257 571 1330 nobilis
583 1256 638 1328 vir
645 1251 753 1354 [Otto]
761 1255 837 1330 dux
849 1257 993 1330 Bavarie
1008 1268 1043 1331 et
1059 1257 1103 1332 Α.
1111 1281 1203 1332 uxor
1211 1259 1286 1352 ejus
1302 1267 1337 1332 et
1352 1255 1413 1330 filii
1426 1258 1656 1352 ejus,llapoto

244 1385 433 1473 Palatinus,
448 1380 656 1454 Bertholdus
668 1379 824 1452 marchio
840 1381 884 1452 16
897 1382 1121 1474 llohenbnrc,
1133 1381 1359 1456 Gebehnrdus
1373 1380 1417 1454 de
1431 1381 1653 1476 Hirschpotg,

244 1509 323 1580 Otto
338 1506 384 1580 de
399 1507 520 1598 Blejen
535 1515 572 1576 et
585 1501 751 1576 tilbertus
766 1503 812 1577 dc
827 1503 991 1598 Morburg
1007 1506 1169 1597 comites,
1188 1507 1420 1580 Lucimannus
1440 1505 1486 1577 de
1505 1503 1652 1599 lapide,

244 1632 432 1703 Wemerus
458 1629 503 1702 de
527 1627 652 1716 Labor,
675 1627 844 1701 Henricus
869 1628 913 1700 16
936 1629 1127 1717 villosam,
1147 1629 1342 1702 Ludovicus
1365 1628 1409 1704 de
1431 1629 1653 1722 llogenowe,

245 1753 476 1846 Ongescalcus
499 1751 544 1824 de
568 1750 784 1843 Hagineberc
806 1759 843 1824 et
863 1753 1082 1826 dermannus
1103 1754 1209 1826 frater
1230 1754 1324 1846 ejus,
1339 1753 1507 1826 lleoricue
1528 1751 1574 1826 de
1591 1752 1657 1826 Le·

246 1877 421 1966 chioberc,
442 1875 632 1968 Sigeiridns
646 1874 692 1948 16
709 1875 924 1966 Fromibcrc,
942 1876 1077 1949 Ulricus
1093 1876 1138 1950 de
1153 1877 1390 1968 Frimitsberc,
1406 1875 1596 1968 Sigelridns
1608 1875 1655 1950 de

245 1999 474 2073 Fronohoven
492 2010 528 2072 et
542 1997 750 2072 Bertholdns
769 1999 814 2072 de
833 1999 1025 2073 Schiltberc
1046 2009 1082 2074 et
1101 2001 1245 2095 qnidam
1266 2001 1325 2072 olii
1348 2020 1515 2094 sequaces
1534 2019 1655 2074 eorum

245 2135 440 2198 vostrarum
456 2123 658 2214 diocesium,
668 2125 820 2196 fautores
832 2123 995 2197 Friderici
1008 2125 1185 2218 quondam
1199 2122 1415 2220 imperatoris
1426 2123 1490 2196 Dei
1502 2123 1656 2198 Ecclesie

247 2247 628 2339 inimici,castra,villas
638 2255 674 2320 ct
681 2247 916 2341 possessiones
924 2269 1005 2322 snas
1012 2249 1183 2322 hostiliter
1191 2248 1396 2322 invadentes
1411 2269 1454 2322 ea
1467 2247 1585 2320 omnia
1599 2268 1656 2324 oc·

247 2372 407 2467 cuparint
420 2381 457 2444 et
469 2371 648 2444 detineant
659 2381 841 2466 occupata,
854 2383 998 2468 propter
1014 2374 1109 2467 quod
1122 2373 1176 2446 sni
1187 2373 1260 2446 voti
1275 2373 1438 2446 executio
1452 2371 1654 2468 impeditur,

247 2495 453 2568 mandamus
471 2505 642 2590 qnatenus
656 2495 685 2568 si
697 2503 751 2567 est
765 2495 813 2568 ita
830 2495 942 2570 dictos
957 2496 1095 2587 ducem,
1114 2517 1262 2570 uxorem
1281 2507 1317 2570 et
1336 2497 1426 2574 filios
1440 2518 1577 2570 necnon
1595 2513 1655 2572 oo·

246 2619 348 2692 mites
366 2641 409 2692 ac
426 2619 513 2692 alios
530 2630 570 2691 ut
583 2618 697 2691 eidem
709 2619 828 2692 comiti
842 2629 967 2711 castra,
979 2620 1095 2712 villas,
1109 2621 1357 2718 possessiones,
1370 2631 1455 2711 etc,
1473 2622 1657 2694 restituant

248 2743 418 2816 moneatis
435 2743 613 2816 attentius.
632 2743 777 2830 Quodsi
795 2744 935 2816 monitis
949 2767 1019 2817 non
1038 2746 1238 2818 curaverint
1254 2746 1491 2839 acquiescere,
1511 2767 1574 2840 per
1591 2767 1655 2818 ex·

249 2867 568 2941 communicationis
596 2868 820 2963 inpersonas
847 2870 943 2942 etin
972 2880 1081 2944 terres
1113 2893 1233 2944 eorum
1266 2871 1439 2944 interdicti
1467 2872 1655 2944 sententias

249 2991 481 3087 appellatione
497 3001 628 3065 remota
641 2993 788 3084 cogatis,
805 3002 872 3065 etc.

295 3117 425 3188 Datum
432 3115 771 3208 Lugduni‚lxalendis
786 3117 918 3213 aprilis,
934 3138 1027 3190 anno
1042 3118 1263 3214 pontificatus
1278 3121 1387 3194 nostri
1402 3121 1457 3193 V⁰.

492 3451 1406 3478 mnu—tm·-

303 3774 535 3885 Fridericus,
568 3775 828 3864 Romanorum
855 3783 1074 3894 imperator,
1098 3787 1252 3870 cuidam
1279 3793 1475 3873 communi
1500 3791 1659 3876 mandat
1730 3857 1745 3889 ,
1811 3876 1816 3887 ,

252 3909 355 4018 quod
377 3907 489 3994 iaciat
503 3911 648 4021 juetam
673 3915 874 3998 emendam
895 3917 1101 4028 militibus,
1121 3920 1188 4031 qui
1210 3948 1330 4032 equos
1354 3937 1392 4006 et
1408 3950 1516 4008 armo
1533 3951 1579 4009 ec
1596 3951 1657 4010 res

252 4040 346 4122 alias
363 4041 404 4124 in
421 4043 585 4126 exercitu
605 4071 674 4128 suo
692 4048 950 4156 perdiderunt.

333 4266 430 4348 (Edit.
446 4273 477 4332 ln
490 4271 574 4334 Petri
586 4265 621 4333 16
635 4272 703 4336 Via.
718 4274 816 4354 epist,
830 4275 884 4337 llb.
900 4278 939 4357 V,
953 4295 1019 4356 cap.
1034 4277 1139 4360 CXX.)

299 4468 510 4564 Fridericus,
530 4483 597 4547 eto.
620 4475 744 4548 Milites
765 4478 890 4570 vestri,
914 4479 1040 4551 latores
1059 4482 1289 4576 presentium,
1310 4481 1432 4586 fideles
1449 4485 1576 4581 nostri,
1597 4490 1658 4582 qui

253 4591 386 4666 dudum
402 4617 466 4690 per
482 4617 544 4670 vos
558 4599 605 4671 ob
618 4610 734 4677 nostre
750 4603 979 4674 reverentiam
996 4606 1185 4696 majestatis
1197 4608 1245 4681 ad
1259 4617 1377 4682 nostre
1393 4611 1534 4684 servitia
1551 4612 1658 4688 desti·

252 4717 338 4809 nnti‚
351 4717 388 4788 in
402 4719 533 4792 eisdem
547 4723 694 4795 servitiis
710 4721 858 4797 fideliter
870 4737 1146 4822 permanserunt,
1164 4733 1370 4806 excellentie
1386 4744 1503 4808 nostre
1518 4734 1658 4809 humili·
