<?xml version="1.0" encoding="UTF-8"?>
<!DOCTYPE html PUBLIC "-//W3C//DTD XHTML 1.0 Transitional//EN"
    "http://www.w3.org/TR/xhtml1/DTD/xhtml1-transitional.dtd">
<html xmlns="http://www.w3.org/1999/xhtml" xml:lang="en" lang="en">
 <head>
  <title>
</title>
<meta http-equiv="Content-Type" content="text/html;charset=utf-8" />
  <meta name='ocr-system' content='tesseract 3.04.00' />
  <meta name='ocr-capabilities' content='ocr_page ocr_carea ocr_par ocr_line ocrx_word'/>
</head>
<body>
  <div class='ocr_page' id='page_1' title='image "./historiadiploma00fredgoog/historiadiploma00fredgoog_0239.png"; bbox 0 0 4310 5908; ppageno 0'>
   <div class='ocr_carea' id='block_1_1' title="bbox 503 620 1919 711">
    <p class='ocr_par' dir='ltr' id='par_1_1' title="bbox 503 620 1919 711">
     <span class='ocr_line' id='line_1_1' title="bbox 503 620 1919 711; baseline 0.018 -32"><span class='ocrx_word' id='word_1_1' title='bbox 503 625 573 687; x_wconf 78' lang='lat' dir='ltr'><strong>:rra</strong></span> <span class='ocrx_word' id='word_1_2' title='bbox 954 623 978 676; x_wconf 88' lang='grc'><strong>.·</strong></span> <span class='ocrx_word' id='word_1_3' title='bbox 1009 623 1223 694; x_wconf 82' lang='lat' dir='ltr'><strong>rur-onruct</strong></span> <span class='ocrx_word' id='word_1_4' title='bbox 1247 621 1420 695; x_wconf 86' lang='lat' dir='ltr'><strong>sncuuur</strong></span> <span class='ocrx_word' id='word_1_5' title='bbox 1730 620 1812 711; x_wconf 78' lang='lat' dir='ltr'><strong>[lm.</strong></span> <span class='ocrx_word' id='word_1_6' title='bbox 1830 621 1919 694; x_wconf 73' lang='lat'>1250·</span> 
     </span>
    </p>
   </div>
   <div class='ocr_carea' id='block_1_2' title="bbox 501 753 1930 2698">
    <p class='ocr_par' dir='ltr' id='par_1_2' title="bbox 501 753 1930 2698">
     <span class='ocr_line' id='line_1_2' title="bbox 514 753 1921 862; baseline 0.004 -30"><span class='ocrx_word' id='word_1_7' title='bbox 514 759 618 832; x_wconf 81' lang='lat' dir='ltr'><strong>castri</strong></span> <span class='ocrx_word' id='word_1_8' title='bbox 629 761 800 834; x_wconf 87' lang='lat' dir='ltr'><strong>Tolentini</strong></span> <span class='ocrx_word' id='word_1_9' title='bbox 813 761 1064 836; x_wconf 85' lang='lat' dir='ltr'><strong>Camerinensis</strong></span> <span class='ocrx_word' id='word_1_10' title='bbox 1078 765 1247 840; x_wconf 87' lang='lat' dir='ltr'><strong>dioecesis</strong></span> <span class='ocrx_word' id='word_1_11' title='bbox 1261 769 1408 840; x_wconf 88' lang='lat' dir='ltr'><strong>salutem</strong></span> <span class='ocrx_word' id='word_1_12' title='bbox 1423 776 1459 838; x_wconf 90' lang='lat' dir='ltr'><strong>et</strong></span> <span class='ocrx_word' id='word_1_13' title='bbox 1471 753 1921 862; x_wconf 86' lang='lat' dir='ltr'><strong>apostolicambenedictio-</strong></span> 
     </span>
     <span class='ocr_line' id='line_1_3' title="bbox 514 884 1923 983; baseline 0.001 -26"><span class='ocrx_word' id='word_1_14' title='bbox 514 905 610 957; x_wconf 91' lang='lat' dir='ltr'><strong>nem.</strong></span> <span class='ocrx_word' id='word_1_15' title='bbox 637 884 835 981; x_wconf 83' lang='lat' dir='ltr'><strong>Apostolice</strong></span> <span class='ocrx_word' id='word_1_16' title='bbox 858 886 956 958; x_wconf 91' lang='lat' dir='ltr'><strong>Sedis</strong></span> <span class='ocrx_word' id='word_1_17' title='bbox 976 887 1195 983; x_wconf 91' lang='lat' dir='ltr'><strong>providentia</strong></span> <span class='ocrx_word' id='word_1_18' title='bbox 1215 901 1381 962; x_wconf 88' lang='lat' dir='ltr'><strong>consueta</strong></span> <span class='ocrx_word' id='word_1_19' title='bbox 1404 890 1622 962; x_wconf 91' lang='lat' dir='ltr'><strong>subditorum</strong></span> <span class='ocrx_word' id='word_1_20' title='bbox 1645 887 1767 960; x_wconf 87' lang='lat' dir='ltr'><strong>merita</strong></span> <span class='ocrx_word' id='word_1_21' title='bbox 1788 889 1923 960; x_wconf 89' lang='lat' dir='ltr'><strong>solertis</strong></span> 
     </span>
     <span class='ocr_line' id='line_1_4' title="bbox 515 1008 1919 1108; baseline -0.001 -25"><span class='ocrx_word' id='word_1_22' title='bbox 515 1008 772 1083; x_wconf 81' lang='lat' dir='ltr'><strong>deliberationis</strong></span> <span class='ocrx_word' id='word_1_23' title='bbox 804 1011 965 1082; x_wconf 89' lang='lat' dir='ltr'><strong>examine</strong></span> <span class='ocrx_word' id='word_1_24' title='bbox 990 1009 1142 1104; x_wconf 80' lang='lat' dir='ltr'><strong>discutit,</strong></span> <span class='ocrx_word' id='word_1_25' title='bbox 1168 1023 1204 1086; x_wconf 90' lang='lat' dir='ltr'><strong>et</strong></span> <span class='ocrx_word' id='word_1_26' title='bbox 1225 1034 1294 1107; x_wconf 91' lang='lat' dir='ltr'><strong>que</strong></span> <span class='ocrx_word' id='word_1_27' title='bbox 1315 1013 1457 1086; x_wconf 89' lang='lat' dir='ltr'><strong>rationis</strong></span> <span class='ocrx_word' id='word_1_28' title='bbox 1478 1012 1611 1106; x_wconf 90' lang='lat' dir='ltr'><strong>judicio</strong></span> <span class='ocrx_word' id='word_1_29' title='bbox 1624 1011 1758 1108; x_wconf 91' lang='lat' dir='ltr'><strong>potiora</strong></span> <span class='ocrx_word' id='word_1_30' title='bbox 1776 1011 1919 1104; x_wconf 88' lang='lat' dir='ltr'><strong>diffinit,</strong></span> 
     </span>
     <span class='ocr_line' id='line_1_5' title="bbox 502 1133 1922 1230; baseline 0.003 -26"><span class='ocrx_word' id='word_1_31' title='bbox 502 1133 727 1230; x_wconf 85' lang='lat' dir='ltr'><strong>-promiorum</strong></span> <span class='ocrx_word' id='word_1_32' title='bbox 757 1144 957 1206; x_wconf 88' lang='lat' dir='ltr'><strong>remunerat</strong></span> <span class='ocrx_word' id='word_1_33' title='bbox 989 1135 1215 1209; x_wconf 89' lang='lat' dir='ltr'><strong>retributione</strong></span> <span class='ocrx_word' id='word_1_34' title='bbox 1244 1139 1434 1229; x_wconf 86' lang='lat' dir='ltr'><strong>majorum,</strong></span> <span class='ocrx_word' id='word_1_35' title='bbox 1468 1135 1687 1209; x_wconf 82' lang='lat' dir='ltr'><strong>uberioribus</strong></span> <span class='ocrx_word' id='word_1_36' title='bbox 1714 1135 1772 1208; x_wconf 90' lang='lat' dir='ltr'><strong>illa</strong></span> <span class='ocrx_word' id='word_1_37' title='bbox 1803 1157 1922 1230; x_wconf 91' lang='lat' dir='ltr'><strong>prose·</strong></span> 
     </span>
     <span class='ocr_line' id='line_1_6' title="bbox 504 1257 1923 1356; baseline 0.001 -26"><span class='ocrx_word' id='word_1_38' title='bbox 504 1257 657 1352; x_wconf 68' lang='lat' dir='ltr'><strong>‘quondo</strong></span> <span class='ocrx_word' id='word_1_39' title='bbox 673 1257 849 1330; x_wconf 79' lang='lat' dir='ltr'><strong>favoribus</strong></span> <span class='ocrx_word' id='word_1_40' title='bbox 869 1265 904 1330; x_wconf 88' lang='lat' dir='ltr'><strong>ot</strong></span> <span class='ocrx_word' id='word_1_41' title='bbox 920 1257 1097 1332; x_wconf 88' lang='lat' dir='ltr'><strong>beneficiis</strong></span> <span class='ocrx_word' id='word_1_42' title='bbox 1113 1262 1326 1356; x_wconf 87' lang='lat' dir='ltr'><strong>plenioribus</strong></span> <span class='ocrx_word' id='word_1_43' title='bbox 1341 1261 1546 1334; x_wconf 90' lang='lat' dir='ltr'><strong>attollendo.</strong></span> <span class='ocrx_word' id='word_1_44' title='bbox 1565 1261 1652 1333; x_wconf 85' lang='lat' dir='ltr'><strong>llinc</strong></span> <span class='ocrx_word' id='word_1_45' title='bbox 1673 1269 1726 1332; x_wconf 91' lang='lat' dir='ltr'><strong>est</strong></span> <span class='ocrx_word' id='word_1_46' title='bbox 1747 1259 1841 1352; x_wconf 88' lang='lat' dir='ltr'><strong>qood</strong></span> <span class='ocrx_word' id='word_1_47' title='bbox 1859 1281 1923 1332; x_wconf 87' lang='lat' dir='ltr'><strong>nos</strong></span> 
     </span>
     <span class='ocr_line' id='line_1_7' title="bbox 517 1381 1923 1480; baseline 0.001 -26"><span class='ocrx_word' id='word_1_48' title='bbox 517 1381 736 1454; x_wconf 88' lang='lat' dir='ltr'><strong>attendentes</strong></span> <span class='ocrx_word' id='word_1_49' title='bbox 760 1381 954 1454; x_wconf 87' lang='lat' dir='ltr'><strong>devotionis</strong></span> <span class='ocrx_word' id='word_1_50' title='bbox 984 1383 1144 1457; x_wconf 89' lang='lat' dir='ltr'><strong>ardorem</strong></span> <span class='ocrx_word' id='word_1_51' title='bbox 1164 1406 1236 1480; x_wconf 93' lang='lat' dir='ltr'><strong>quo</strong></span> <span class='ocrx_word' id='word_1_52' title='bbox 1255 1406 1337 1478; x_wconf 77' lang='lat' dir='ltr'><strong>erga</strong></span> <span class='ocrx_word' id='word_1_53' title='bbox 1364 1387 1554 1458; x_wconf 82' lang='lat' dir='ltr'><strong>Romanam</strong></span> <span class='ocrx_word' id='word_1_54' title='bbox 1575 1383 1765 1456; x_wconf 79' lang='lat' dir='ltr'><strong>Ecclesiam</strong></span> <span class='ocrx_word' id='word_1_55' title='bbox 1789 1384 1923 1455; x_wconf 83' lang='lat' dir='ltr'><strong>terrere</strong></span> 
     </span>
     <span class='ocr_line' id='line_1_8' title="bbox 518 1503 1925 1604; baseline 0.003 -28"><span class='ocrx_word' id='word_1_56' title='bbox 518 1506 714 1596; x_wconf 84' lang='lat' dir='ltr'><strong>noscimini,</strong></span> <span class='ocrx_word' id='word_1_57' title='bbox 730 1516 914 1601; x_wconf 89' lang='lat' dir='ltr'><strong>eapropter</strong></span> <span class='ocrx_word' id='word_1_58' title='bbox 927 1507 1085 1581; x_wconf 89' lang='lat' dir='ltr'><strong>volentes</strong></span> <span class='ocrx_word' id='word_1_59' title='bbox 1100 1518 1140 1580; x_wconf 88' lang='lat' dir='ltr'><strong>ut</strong></span> <span class='ocrx_word' id='word_1_60' title='bbox 1155 1510 1281 1582; x_wconf 89' lang='lat' dir='ltr'><strong>Sedem</strong></span> <span class='ocrx_word' id='word_1_61' title='bbox 1293 1509 1528 1604; x_wconf 83' lang='lat' dir='ltr'><strong>Apostolicam</strong></span> <span class='ocrx_word' id='word_1_62' title='bbox 1544 1507 1644 1580; x_wconf 90' lang='lat' dir='ltr'><strong>vobis</strong></span> <span class='ocrx_word' id='word_1_63' title='bbox 1658 1507 1814 1580; x_wconf 77' lang='lat' dir='ltr'><strong>sandalis</strong></span> <span class='ocrx_word' id='word_1_64' title='bbox 1830 1503 1925 1580; x_wconf 83' lang='lat' dir='ltr'><strong>lavo·</strong></span> 
     </span>
     <span class='ocr_line' id='line_1_9' title="bbox 518 1629 1923 1728; baseline 0 -27"><span class='ocrx_word' id='word_1_65' title='bbox 518 1629 663 1702; x_wconf 90' lang='lat' dir='ltr'><strong>rabilem</strong></span> <span class='ocrx_word' id='word_1_66' title='bbox 683 1639 719 1701; x_wconf 89' lang='lat' dir='ltr'><strong>et</strong></span> <span class='ocrx_word' id='word_1_67' title='bbox 741 1630 952 1723; x_wconf 83' lang='lat' dir='ltr'><strong>benignam,</strong></span> <span class='ocrx_word' id='word_1_68' title='bbox 970 1632 1095 1704; x_wconf 86' lang='lat' dir='ltr'><strong>vestris</strong></span> <span class='ocrx_word' id='word_1_69' title='bbox 1115 1633 1426 1728; x_wconf 86' lang='lat' dir='ltr'><strong>supplicationibus</strong></span> <span class='ocrx_word' id='word_1_70' title='bbox 1440 1632 1609 1722; x_wconf 87' lang='lat' dir='ltr'><strong>inclinati,</strong></span> <span class='ocrx_word' id='word_1_71' title='bbox 1625 1641 1776 1703; x_wconf 86' lang='lat' dir='ltr'><strong>castrum</strong></span> <span class='ocrx_word' id='word_1_72' title='bbox 1792 1631 1923 1721; x_wconf 91' lang='lat' dir='ltr'><strong>Petini,</strong></span> 
     </span>
     <span class='ocr_line' id='line_1_10' title="bbox 503 1753 1930 1850; baseline 0.001 -23"><span class='ocrx_word' id='word_1_73' title='bbox 503 1753 752 1850; x_wconf 85' lang='lat' dir='ltr'><strong>possessiones</strong></span> <span class='ocrx_word' id='word_1_74' title='bbox 767 1775 808 1825; x_wconf 91' lang='lat' dir='ltr'><strong>ac</strong></span> <span class='ocrx_word' id='word_1_75' title='bbox 823 1754 891 1825; x_wconf 91' lang='lat' dir='ltr'><strong>alia</strong></span> <span class='ocrx_word' id='word_1_76' title='bbox 909 1756 1002 1827; x_wconf 91' lang='lat' dir='ltr'><strong>bona</strong></span> <span class='ocrx_word' id='word_1_77' title='bbox 1018 1765 1054 1827; x_wconf 90' lang='lat' dir='ltr'><strong>et</strong></span> <span class='ocrx_word' id='word_1_78' title='bbox 1065 1757 1145 1848; x_wconf 87' lang='lat' dir='ltr'><strong>jura</strong></span> <span class='ocrx_word' id='word_1_79' title='bbox 1162 1757 1207 1828; x_wconf 89' lang='lat' dir='ltr'><strong>ad</strong></span> <span class='ocrx_word' id='word_1_80' title='bbox 1224 1765 1375 1828; x_wconf 90' lang='lat' dir='ltr'><strong>castrum</strong></span> <span class='ocrx_word' id='word_1_81' title='bbox 1392 1755 1562 1828; x_wconf 85' lang='lat' dir='ltr'><strong>Tolentini</strong></span> <span class='ocrx_word' id='word_1_82' title='bbox 1579 1755 1715 1848; x_wconf 84' lang='lat' dir='ltr'><strong>dejure</strong></span> <span class='ocrx_word' id='word_1_83' title='bbox 1732 1753 1930 1850; x_wconf 78' lang='lat' dir='ltr'><strong>spectantia.</strong></span> 
     </span>
     <span class='ocr_line' id='line_1_11' title="bbox 518 1879 1926 1974; baseline -0.001 -23"><span class='ocrx_word' id='word_1_84' title='bbox 518 1901 598 1951; x_wconf 90' lang='lat' dir='ltr'><strong>cum</strong></span> <span class='ocrx_word' id='word_1_85' title='bbox 618 1879 836 1974; x_wconf 89' lang='lat' dir='ltr'><strong>pertinentiis</strong></span> <span class='ocrx_word' id='word_1_86' title='bbox 851 1880 1077 1971; x_wconf 88' lang='lat' dir='ltr'><strong>corumdem,</strong></span> <span class='ocrx_word' id='word_1_87' title='bbox 1094 1882 1176 1954; x_wconf 89' lang='lat' dir='ltr'><strong>licet</strong></span> <span class='ocrx_word' id='word_1_88' title='bbox 1200 1883 1315 1954; x_wconf 90' lang='lat' dir='ltr'><strong>lorsan</strong></span> <span class='ocrx_word' id='word_1_89' title='bbox 1336 1881 1538 1955; x_wconf 85' lang='lat' dir='ltr'><strong>Fredericus</strong></span> <span class='ocrx_word' id='word_1_90' title='bbox 1553 1879 1729 1973; x_wconf 93' lang='lat' dir='ltr'><strong>quondam</strong></span> <span class='ocrx_word' id='word_1_91' title='bbox 1754 1879 1926 1950; x_wconf 87' lang='lat' dir='ltr'><strong>Romano·</strong></span> 
     </span>
     <span class='ocr_line' id='line_1_12' title="bbox 501 2001 1926 2101; baseline -0.003 -25"><span class='ocrx_word' id='word_1_92' title='bbox 501 2045 504 2052; x_wconf 93' lang='lat'>·</span> <span class='ocrx_word' id='word_1_93' title='bbox 518 2026 597 2076; x_wconf 90' lang='lat' dir='ltr'><strong>rum</strong></span> <span class='ocrx_word' id='word_1_94' title='bbox 614 2003 802 2100; x_wconf 90' lang='lat' dir='ltr'><strong>imperator</strong></span> <span class='ocrx_word' id='word_1_95' title='bbox 814 2005 871 2076; x_wconf 91' lang='lat' dir='ltr'><strong>vel</strong></span> <span class='ocrx_word' id='word_1_96' title='bbox 882 2003 1092 2100; x_wconf 89' lang='lat' dir='ltr'><strong>quicumque</strong></span> <span class='ocrx_word' id='word_1_97' title='bbox 1106 2006 1195 2078; x_wconf 92' lang='lat' dir='ltr'><strong>alius</strong></span> <span class='ocrx_word' id='word_1_98' title='bbox 1211 2027 1274 2101; x_wconf 93' lang='lat' dir='ltr'><strong>pro</strong></span> <span class='ocrx_word' id='word_1_99' title='bbox 1290 2027 1351 2078; x_wconf 90' lang='lat' dir='ltr'><strong>sue</strong></span> <span class='ocrx_word' id='word_1_100' title='bbox 1368 2027 1431 2078; x_wconf 90' lang='lat' dir='ltr'><strong>vos</strong></span> <span class='ocrx_word' id='word_1_101' title='bbox 1444 2005 1511 2078; x_wconf 89' lang='lat' dir='ltr'><strong>illis</strong></span> <span class='ocrx_word' id='word_1_102' title='bbox 1527 2003 1715 2076; x_wconf 90' lang='lat' dir='ltr'><strong>voluntatis</strong></span> <span class='ocrx_word' id='word_1_103' title='bbox 1730 2001 1830 2074; x_wconf 88' lang='lat' dir='ltr'><strong>libito</strong></span> <span class='ocrx_word' id='word_1_104' title='bbox 1847 2021 1926 2097; x_wconf 91' lang='lat' dir='ltr'><strong>spo·</strong></span> 
     </span>
     <span class='ocr_line' id='line_1_13' title="bbox 518 2125 1925 2226; baseline -0.001 -28"><span class='ocrx_word' id='word_1_105' title='bbox 518 2127 652 2217; x_wconf 91' lang='lat' dir='ltr'><strong>liarint,</strong></span> <span class='ocrx_word' id='word_1_106' title='bbox 670 2127 770 2200; x_wconf 88' lang='lat' dir='ltr'><strong>vobis</strong></span> <span class='ocrx_word' id='word_1_107' title='bbox 788 2127 998 2200; x_wconf 89' lang='lat' dir='ltr'><strong>restituimus</strong></span> <span class='ocrx_word' id='word_1_108' title='bbox 1016 2127 1062 2200; x_wconf 90' lang='lat' dir='ltr'><strong>de</strong></span> <span class='ocrx_word' id='word_1_109' title='bbox 1079 2129 1192 2221; x_wconf 80' lang='lat' dir='ltr'><strong>gratia</strong></span> <span class='ocrx_word' id='word_1_110' title='bbox 1205 2130 1358 2226; x_wconf 88' lang='lat' dir='ltr'><strong>speciali.</strong></span> <span class='ocrx_word' id='word_1_111' title='bbox 1382 2129 1475 2201; x_wconf 91' lang='lat' dir='ltr'><strong>Nulli</strong></span> <span class='ocrx_word' id='word_1_112' title='bbox 1490 2149 1573 2221; x_wconf 78' lang='lat' dir='ltr'><strong>ergo</strong></span> <span class='ocrx_word' id='word_1_113' title='bbox 1590 2127 1732 2200; x_wconf 91' lang='lat' dir='ltr'><strong>omnino</strong></span> <span class='ocrx_word' id='word_1_114' title='bbox 1745 2125 1925 2197; x_wconf 89' lang='lat' dir='ltr'><strong>bominum</strong></span> 
     </span>
     <span class='ocr_line' id='line_1_14' title="bbox 517 2249 1925 2346; baseline -0.001 -22"><span class='ocrx_word' id='word_1_115' title='bbox 517 2251 623 2324; x_wconf 89' lang='lat' dir='ltr'><strong>liceat</strong></span> <span class='ocrx_word' id='word_1_116' title='bbox 640 2250 730 2324; x_wconf 87' lang='lat' dir='ltr'><strong>hanc</strong></span> <span class='ocrx_word' id='word_1_117' title='bbox 744 2251 906 2346; x_wconf 80' lang='lat' dir='ltr'><strong>paginam</strong></span> <span class='ocrx_word' id='word_1_118' title='bbox 927 2261 1045 2324; x_wconf 90' lang='lat' dir='ltr'><strong>nostre</strong></span> <span class='ocrx_word' id='word_1_119' title='bbox 1059 2254 1285 2326; x_wconf 88' lang='lat' dir='ltr'><strong>restitutionis</strong></span> <span class='ocrx_word' id='word_1_120' title='bbox 1300 2253 1487 2346; x_wconf 78' lang='lat' dir='ltr'><strong>infringere</strong></span> <span class='ocrx_word' id='word_1_121' title='bbox 1505 2254 1562 2326; x_wconf 91' lang='lat' dir='ltr'><strong>vel</strong></span> <span class='ocrx_word' id='word_1_122' title='bbox 1576 2253 1609 2323; x_wconf 90' lang='lat' dir='ltr'><strong>ei</strong></span> <span class='ocrx_word' id='word_1_123' title='bbox 1630 2273 1718 2324; x_wconf 84' lang='lat' dir='ltr'><strong>ausu</strong></span> <span class='ocrx_word' id='word_1_124' title='bbox 1741 2249 1925 2322; x_wconf 88' lang='lat' dir='ltr'><strong>temerario</strong></span> 
     </span>
     <span class='ocr_line' id='line_1_15' title="bbox 514 2375 1925 2475; baseline -0.004 -26"><span class='ocrx_word' id='word_1_125' title='bbox 514 2377 704 2449; x_wconf 84' lang='lat' dir='ltr'><strong>contraire.</strong></span> <span class='ocrx_word' id='word_1_126' title='bbox 735 2377 771 2447; x_wconf 91' lang='lat' dir='ltr'><strong>Si</strong></span> <span class='ocrx_word' id='word_1_127' title='bbox 797 2376 876 2470; x_wconf 92' lang='lat' dir='ltr'><strong>quis</strong></span> <span class='ocrx_word' id='word_1_128' title='bbox 899 2386 1015 2448; x_wconf 88' lang='lat' dir='ltr'><strong>autern</strong></span> <span class='ocrx_word' id='word_1_129' title='bbox 1037 2376 1105 2451; x_wconf 91' lang='lat' dir='ltr'><strong>hoo</strong></span> <span class='ocrx_word' id='word_1_130' title='bbox 1130 2388 1337 2475; x_wconf 88' lang='lat' dir='ltr'><strong>attemptare</strong></span> <span class='ocrx_word' id='word_1_131' title='bbox 1356 2377 1624 2475; x_wconf 84' lang='lat' dir='ltr'><strong>presumpserit,</strong></span> <span class='ocrx_word' id='word_1_132' title='bbox 1652 2375 1925 2468; x_wconf 81' lang='lat' dir='ltr'><strong>indignationem</strong></span> 
     </span>
     <span class='ocr_line' id='line_1_16' title="bbox 502 2497 1926 2596; baseline -0.004 -23"><span class='ocrx_word' id='word_1_133' title='bbox 502 2499 765 2596; x_wconf 87' lang='lat' dir='ltr'><strong>omnipotentis</strong></span> <span class='ocrx_word' id='word_1_134' title='bbox 794 2499 859 2572; x_wconf 89' lang='lat' dir='ltr'><strong>Dei</strong></span> <span class='ocrx_word' id='word_1_135' title='bbox 889 2510 924 2573; x_wconf 87' lang='lat' dir='ltr'><strong>ot</strong></span> <span class='ocrx_word' id='word_1_136' title='bbox 956 2501 1138 2573; x_wconf 91' lang='lat' dir='ltr'><strong>beatorum</strong></span> <span class='ocrx_word' id='word_1_137' title='bbox 1167 2502 1260 2574; x_wconf 90' lang='lat' dir='ltr'><strong>Petri</strong></span> <span class='ocrx_word' id='word_1_138' title='bbox 1289 2512 1324 2574; x_wconf 90' lang='lat' dir='ltr'><strong>et</strong></span> <span class='ocrx_word' id='word_1_139' title='bbox 1349 2503 1447 2574; x_wconf 91' lang='lat' dir='ltr'><strong>Pauli</strong></span> <span class='ocrx_word' id='word_1_140' title='bbox 1471 2502 1707 2596; x_wconf 89' lang='lat' dir='ltr'><strong>apostolorum</strong></span> <span class='ocrx_word' id='word_1_141' title='bbox 1730 2521 1767 2572; x_wconf 88' lang='lat' dir='ltr'><strong>se</strong></span> <span class='ocrx_word' id='word_1_142' title='bbox 1789 2497 1926 2572; x_wconf 89' lang='lat' dir='ltr'><strong>noverit</strong></span> 
     </span>
     <span class='ocr_line' id='line_1_17' title="bbox 520 2647 751 2698; baseline -0.009 0"><span class='ocrx_word' id='word_1_143' title='bbox 520 2647 751 2698; x_wconf 89' lang='lat' dir='ltr'><strong>rucursurum.</strong></span> 
     </span>
    </p>
   </div>
   <div class='ocr_carea' id='block_1_3' title="bbox 570 2749 1840 2848">
    <p class='ocr_par' dir='ltr' id='par_1_3' title="bbox 570 2749 1840 2848">
     <span class='ocr_line' id='line_1_18' title="bbox 570 2749 1840 2848; baseline 0.001 -27"><span class='ocrx_word' id='word_1_144' title='bbox 570 2752 694 2823; x_wconf 88' lang='lat' dir='ltr'><strong>Datum</strong></span> <span class='ocrx_word' id='word_1_145' title='bbox 708 2749 889 2841; x_wconf 79' lang='lat' dir='ltr'><strong>Lugduni,</strong></span> <span class='ocrx_word' id='word_1_146' title='bbox 905 2751 948 2822; x_wconf 93' lang='lat' dir='ltr'><strong>Ill</strong></span> <span class='ocrx_word' id='word_1_147' title='bbox 963 2771 1075 2824; x_wconf 88' lang='lat' dir='ltr'><strong>nonas</strong></span> <span class='ocrx_word' id='word_1_148' title='bbox 1084 2751 1193 2844; x_wconf 85' lang='lat' dir='ltr'><strong>junii,</strong></span> <span class='ocrx_word' id='word_1_149' title='bbox 1213 2749 1434 2848; x_wconf 87' lang='lat' dir='ltr'><strong>pontificatus</strong></span> <span class='ocrx_word' id='word_1_150' title='bbox 1449 2751 1558 2825; x_wconf 89' lang='lat' dir='ltr'><strong>nostri</strong></span> <span class='ocrx_word' id='word_1_151' title='bbox 1570 2771 1665 2823; x_wconf 89' lang='lat' dir='ltr'><strong>anno</strong></span> <span class='ocrx_word' id='word_1_152' title='bbox 1681 2750 1840 2847; x_wconf 86' lang='lat' dir='ltr'><strong>septimo.</strong></span> 
     </span>
    </p>
   </div>
   <div class='ocr_carea' id='block_1_4' title="bbox 357 3270 1927 3385">
    <p class='ocr_par' dir='ltr' id='par_1_4' title="bbox 357 3270 1927 3385">
     <span class='ocr_line' id='line_1_19' title="bbox 357 3270 1927 3385; baseline -0.01 -17"><span class='ocrx_word' id='word_1_153' title='bbox 357 3283 411 3368; x_wconf 64' lang='lat' dir='ltr'><strong>”io</strong></span> <span class='ocrx_word' id='word_1_154' title='bbox 506 3307 508 3312; x_wconf 91' lang='lat'>·</span> <span class='ocrx_word' id='word_1_155' title='bbox 574 3272 734 3384; x_wconf 82' lang='lat' dir='ltr'><strong>Iacobus</strong></span> <span class='ocrx_word' id='word_1_156' title='bbox 753 3274 903 3385; x_wconf 81' lang='lat' dir='ltr'><strong>Capuae</strong></span> <span class='ocrx_word' id='word_1_157' title='bbox 923 3272 1059 3384; x_wconf 85' lang='lat' dir='ltr'><strong>judex,</strong></span> <span class='ocrx_word' id='word_1_158' title='bbox 1085 3275 1134 3357; x_wconf 87' lang='lat' dir='ltr'><strong>ad</strong></span> <span class='ocrx_word' id='word_1_159' title='bbox 1158 3275 1377 3384; x_wconf 90' lang='lat' dir='ltr'><strong>petitionem</strong></span> <span class='ocrx_word' id='word_1_160' title='bbox 1399 3272 1527 3356; x_wconf 84' lang='lat' dir='ltr'><strong>fratris</strong></span> <span class='ocrx_word' id='word_1_161' title='bbox 1556 3271 1721 3356; x_wconf 90' lang='lat' dir='ltr'><strong>Simonis</strong></span> <span class='ocrx_word' id='word_1_162' title='bbox 1749 3270 1927 3354; x_wconf 85' lang='lat' dir='ltr'><strong>monachi</strong></span> 
     </span>
    </p>
   </div>
   <div class='ocr_carea' id='block_1_5' title="bbox 511 3405 1928 4445">
    <p class='ocr_par' dir='ltr' id='par_1_5' title="bbox 511 3405 1928 4445">
     <span class='ocr_line' id='line_1_20' title="bbox 525 3405 1925 3517; baseline -0.004 -27"><span class='ocrx_word' id='word_1_163' title='bbox 525 3406 758 3515; x_wconf 72' lang='lat' dir='ltr'><strong>Cannensis,</strong></span> <span class='ocrx_word' id='word_1_164' title='bbox 779 3433 848 3517; x_wconf 89' lang='lat' dir='ltr'><strong>pro</strong></span> <span class='ocrx_word' id='word_1_165' title='bbox 866 3418 972 3515; x_wconf 87' lang='lat' dir='ltr'><strong>parte</strong></span> <span class='ocrx_word' id='word_1_166' title='bbox 996 3408 1215 3493; x_wconf 88' lang='lat' dir='ltr'><strong>monasterii</strong></span> <span class='ocrx_word' id='word_1_167' title='bbox 1233 3407 1404 3517; x_wconf 87' lang='lat' dir='ltr'><strong>ejusdem</strong></span> <span class='ocrx_word' id='word_1_168' title='bbox 1426 3407 1467 3488; x_wconf 91' lang='lat' dir='ltr'><strong>in</strong></span> <span class='ocrx_word' id='word_1_169' title='bbox 1487 3405 1684 3515; x_wconf 88' lang='lat' dir='ltr'><strong>publicum</strong></span> <span class='ocrx_word' id='word_1_170' title='bbox 1708 3405 1925 3488; x_wconf 88' lang='lat' dir='ltr'><strong>documen-</strong></span> 
     </span>
     <span class='ocr_line' id='line_1_21' title="bbox 523 3537 1927 3649; baseline -0.004 -25"><span class='ocrx_word' id='word_1_171' title='bbox 523 3549 608 3624; x_wconf 88' lang='lat' dir='ltr'><strong>tum</strong></span> <span class='ocrx_word' id='word_1_172' title='bbox 625 3540 824 3624; x_wconf 86' lang='lat' dir='ltr'><strong>transcribi</strong></span> <span class='ocrx_word' id='word_1_173' title='bbox 842 3539 932 3622; x_wconf 88' lang='lat' dir='ltr'><strong>locit</strong></span> <span class='ocrx_word' id='word_1_174' title='bbox 954 3541 1180 3622; x_wconf 87' lang='lat' dir='ltr'><strong>mandatum</strong></span> <span class='ocrx_word' id='word_1_175' title='bbox 1205 3539 1400 3649; x_wconf 90' lang='lat' dir='ltr'><strong>imperiale</strong></span> <span class='ocrx_word' id='word_1_176' title='bbox 1422 3538 1531 3622; x_wconf 86' lang='lat' dir='ltr'><strong>fratri</strong></span> <span class='ocrx_word' id='word_1_177' title='bbox 1558 3537 1770 3622; x_wconf 78' lang='lat' dir='ltr'><strong>Benedicta</strong></span> <span class='ocrx_word' id='word_1_178' title='bbox 1785 3562 1927 3647; x_wconf 90' lang='lat' dir='ltr'><strong>procu-</strong></span> 
     </span>
     <span class='ocr_line' id='line_1_22' title="bbox 523 3669 1926 3781; baseline -0.002 -27"><span class='ocrx_word' id='word_1_179' title='bbox 523 3672 640 3755; x_wconf 85' lang='lat' dir='ltr'><strong>ratori</strong></span> <span class='ocrx_word' id='word_1_180' title='bbox 658 3671 847 3756; x_wconf 92' lang='lat' dir='ltr'><strong>bonorum</strong></span> <span class='ocrx_word' id='word_1_181' title='bbox 865 3672 1058 3780; x_wconf 89' lang='lat' dir='ltr'><strong>quondam</strong></span> <span class='ocrx_word' id='word_1_182' title='bbox 1077 3671 1177 3754; x_wconf 88' lang='lat' dir='ltr'><strong>Petri</strong></span> <span class='ocrx_word' id='word_1_183' title='bbox 1195 3673 1244 3754; x_wconf 92' lang='lat' dir='ltr'><strong>de</strong></span> <span class='ocrx_word' id='word_1_184' title='bbox 1261 3672 1380 3754; x_wconf 89' lang='lat' dir='ltr'><strong>Vinea</strong></span> <span class='ocrx_word' id='word_1_185' title='bbox 1401 3670 1605 3781; x_wconf 89' lang='lat' dir='ltr'><strong>proditoris</strong></span> <span class='ocrx_word' id='word_1_186' title='bbox 1624 3669 1829 3772; x_wconf 88' lang='lat' dir='ltr'><strong>directum,</strong></span> <span class='ocrx_word' id='word_1_187' title='bbox 1850 3694 1926 3778; x_wconf 92' lang='lat' dir='ltr'><strong>quo</strong></span> 
     </span>
     <span class='ocr_line' id='line_1_23' title="bbox 521 3800 1928 3915; baseline -0.002 -27"><span class='ocrx_word' id='word_1_188' title='bbox 521 3804 677 3915; x_wconf 86' lang='lat' dir='ltr'><strong>jubetur</strong></span> <span class='ocrx_word' id='word_1_189' title='bbox 699 3815 742 3887; x_wconf 89' lang='lat' dir='ltr'><strong>ut</strong></span> <span class='ocrx_word' id='word_1_190' title='bbox 759 3804 890 3915; x_wconf 81' lang='lat' dir='ltr'><strong>uigore</strong></span> <span class='ocrx_word' id='word_1_191' title='bbox 907 3805 1078 3887; x_wconf 86' lang='lat' dir='ltr'><strong>mandati</strong></span> <span class='ocrx_word' id='word_1_192' title='bbox 1095 3805 1232 3913; x_wconf 90' lang='lat' dir='ltr'><strong>prioris</strong></span> <span class='ocrx_word' id='word_1_193' title='bbox 1250 3815 1287 3888; x_wconf 91' lang='lat' dir='ltr'><strong>et</strong></span> <span class='ocrx_word' id='word_1_194' title='bbox 1304 3803 1545 3887; x_wconf 82' lang='lat' dir='ltr'><strong>instrumenti</strong></span> <span class='ocrx_word' id='word_1_195' title='bbox 1571 3829 1595 3885; x_wconf 91' lang='lat' dir='ltr'><strong>a</strong></span> <span class='ocrx_word' id='word_1_196' title='bbox 1612 3801 1766 3887; x_wconf 88' lang='lat' dir='ltr'><strong>Nicolno</strong></span> <span class='ocrx_word' id='word_1_197' title='bbox 1787 3800 1928 3885; x_wconf 89' lang='lat' dir='ltr'><strong>Rululo</strong></span> 
     </span>
     <span class='ocr_line' id='line_1_24' title="bbox 524 3927 1926 4048; baseline -0.004 -28"><span class='ocrx_word' id='word_1_198' title='bbox 524 3937 672 4020; x_wconf 90' lang='lat' dir='ltr'><strong>dudum</strong></span> <span class='ocrx_word' id='word_1_199' title='bbox 699 3937 883 4048; x_wconf 86' lang='lat' dir='ltr'><strong>magistro</strong></span> <span class='ocrx_word' id='word_1_200' title='bbox 911 3927 1118 4020; x_wconf 85' lang='lat' dir='ltr'><strong>camerario</strong></span> <span class='ocrx_word' id='word_1_201' title='bbox 1146 3936 1382 4046; x_wconf 86' lang='lat' dir='ltr'><strong>Principatus</strong></span> <span class='ocrx_word' id='word_1_202' title='bbox 1412 3946 1449 4019; x_wconf 89' lang='lat' dir='ltr'><strong>et</strong></span> <span class='ocrx_word' id='word_1_203' title='bbox 1477 3935 1615 4018; x_wconf 81' lang='lat' dir='ltr'><strong>&#39;lernae</strong></span> <span class='ocrx_word' id='word_1_204' title='bbox 1643 3933 1799 4016; x_wconf 79' lang='lat' dir='ltr'><strong>laboris</strong></span> <span class='ocrx_word' id='word_1_205' title='bbox 1824 3957 1926 4015; x_wconf 91' lang='lat' dir='ltr'><strong>con-</strong></span> 
     </span>
     <span class='ocr_line' id='line_1_25' title="bbox 523 4061 1928 4178; baseline -0.004 -26"><span class='ocrx_word' id='word_1_206' title='bbox 523 4069 630 4178; x_wconf 88' lang='lat' dir='ltr'><strong>fecti,</strong></span> <span class='ocrx_word' id='word_1_207' title='bbox 651 4071 924 4154; x_wconf 88' lang='lat' dir='ltr'><strong>monasterium</strong></span> <span class='ocrx_word' id='word_1_208' title='bbox 948 4069 1151 4153; x_wconf 73' lang='lat' dir='ltr'><strong>casinense</strong></span> <span class='ocrx_word' id='word_1_209' title='bbox 1174 4095 1252 4153; x_wconf 91' lang='lat' dir='ltr'><strong>non</strong></span> <span class='ocrx_word' id='word_1_210' title='bbox 1278 4070 1435 4178; x_wconf 88' lang='lat' dir='ltr'><strong>impetat</strong></span> <span class='ocrx_word' id='word_1_211' title='bbox 1463 4093 1533 4150; x_wconf 91' lang='lat' dir='ltr'><strong>neo</strong></span> <span class='ocrx_word' id='word_1_212' title='bbox 1550 4061 1744 4176; x_wconf 82' lang='lat' dir='ltr'><strong>perturbet</strong></span> <span class='ocrx_word' id='word_1_213' title='bbox 1767 4065 1806 4146; x_wconf 93' lang='lat' dir='ltr'><strong>in</strong></span> <span class='ocrx_word' id='word_1_214' title='bbox 1835 4089 1928 4175; x_wconf 87' lang='lat' dir='ltr'><strong>pos-</strong></span> 
     </span>
     <span class='ocr_line' id='line_1_26' title="bbox 525 4199 1927 4313; baseline -0.005 -26"><span class='ocrx_word' id='word_1_215' title='bbox 525 4202 691 4288; x_wconf 87' lang='lat' dir='ltr'><strong>sessione</strong></span> <span class='ocrx_word' id='word_1_216' title='bbox 708 4203 907 4313; x_wconf 87' lang='lat' dir='ltr'><strong>cujusdam</strong></span> <span class='ocrx_word' id='word_1_217' title='bbox 925 4202 1047 4312; x_wconf 87' lang='lat' dir='ltr'><strong>petiae</strong></span> <span class='ocrx_word' id='word_1_218' title='bbox 1064 4212 1186 4285; x_wconf 86' lang='lat' dir='ltr'><strong>terrae</strong></span> <span class='ocrx_word' id='word_1_219' title='bbox 1204 4203 1297 4286; x_wconf 87' lang='lat' dir='ltr'><strong>sitae</strong></span> <span class='ocrx_word' id='word_1_220' title='bbox 1314 4201 1354 4283; x_wconf 93' lang='lat' dir='ltr'><strong>in</strong></span> <span class='ocrx_word' id='word_1_221' title='bbox 1373 4199 1608 4310; x_wconf 88' lang='lat' dir='ltr'><strong>pertinentiis</strong></span> <span class='ocrx_word' id='word_1_222' title='bbox 1627 4199 1797 4307; x_wconf 84' lang='lat' dir='ltr'><strong>Capuae,</strong></span> <span class='ocrx_word' id='word_1_223' title='bbox 1811 4221 1927 4308; x_wconf 87' lang='lat' dir='ltr'><strong>quam</strong></span> 
     </span>
     <span class='ocr_line' id='line_1_27' title="bbox 511 4326 1620 4445; baseline -0.005 -27"><span class='ocrx_word' id='word_1_224' title='bbox 511 4327 799 4419; x_wconf 81' lang='lat' dir='ltr'><strong>monasterium</strong></span> <span class='ocrx_word' id='word_1_225' title='bbox 816 4335 943 4444; x_wconf 88' lang='lat' dir='ltr'><strong>ipsum</strong></span> <span class='ocrx_word' id='word_1_226' title='bbox 961 4326 1152 4445; x_wconf 86' lang='lat' dir='ltr'><strong>praedicto</strong></span> <span class='ocrx_word' id='word_1_227' title='bbox 1170 4333 1353 4444; x_wconf 89' lang='lat' dir='ltr'><strong>proditori</strong></span> <span class='ocrx_word' id='word_1_228' title='bbox 1371 4341 1620 4416; x_wconf 86' lang='lat' dir='ltr'><strong>concesserat.</strong></span> 
     </span>
    </p>
   </div>
   <div class='ocr_carea' id='block_1_6' title="bbox 604 4539 1925 4629">
    <p class='ocr_par' dir='ltr' id='par_1_6' title="bbox 604 4539 1925 4629">
     <span class='ocr_line' id='line_1_28' title="bbox 604 4539 1925 4629; baseline -0.008 -18"><span class='ocrx_word' id='word_1_229' title='bbox 604 4546 726 4629; x_wconf 89' lang='lat' dir='ltr'><strong>(lncdlt.</strong></span> <span class='ocrx_word' id='word_1_230' title='bbox 745 4567 783 4610; x_wconf 84' lang='lat' dir='ltr'><strong>ex</strong></span> <span class='ocrx_word' id='word_1_231' title='bbox 794 4549 914 4611; x_wconf 80' lang='lat' dir='ltr'><strong>archivo</strong></span> <span class='ocrx_word' id='word_1_232' title='bbox 926 4548 1039 4611; x_wconf 79' lang='lat' dir='ltr'><strong>Montis</strong></span> <span class='ocrx_word' id='word_1_233' title='bbox 1051 4547 1431 4627; x_wconf 66' lang='lat' dir='ltr'><strong>murmurmurmur.</strong></span> <span class='ocrx_word' id='word_1_234' title='bbox 1447 4547 1566 4620; x_wconf 81' lang='lat' dir='ltr'><strong>decant,</strong></span> <span class='ocrx_word' id='word_1_235' title='bbox 1581 4543 1634 4606; x_wconf 85' lang='lat' dir='ltr'><strong>lol.</strong></span> <span class='ocrx_word' id='word_1_236' title='bbox 1650 4551 1688 4606; x_wconf 78' lang='lat' dir='ltr'><strong>to</strong></span> <span class='ocrx_word' id='word_1_237' title='bbox 1702 4559 1799 4617; x_wconf 67' lang='lat' dir='ltr'><strong>roso,</strong></span> <span class='ocrx_word' id='word_1_238' title='bbox 1814 4549 1847 4602; x_wconf 89' lang='lat' dir='ltr'><strong>n·.</strong></span> <span class='ocrx_word' id='word_1_239' title='bbox 1862 4539 1925 4619; x_wconf 78' lang='lat' dir='ltr'><strong>tt.)</strong></span> 
     </span>
    </p>
   </div>
   <div class='ocr_carea' id='block_1_7' title="bbox 573 4725 1928 4827">
    <p class='ocr_par' dir='ltr' id='par_1_7' title="bbox 573 4725 1928 4827">
     <span class='ocr_line' id='line_1_29' title="bbox 573 4725 1928 4827; baseline -0.008 -19"><span class='ocrx_word' id='word_1_240' title='bbox 573 4735 613 4808; x_wconf 87' lang='lat' dir='ltr'><strong>ln</strong></span> <span class='ocrx_word' id='word_1_241' title='bbox 626 4735 765 4809; x_wconf 90' lang='lat' dir='ltr'><strong>nomine</strong></span> <span class='ocrx_word' id='word_1_242' title='bbox 780 4733 916 4808; x_wconf 89' lang='lat' dir='ltr'><strong>Domini</strong></span> <span class='ocrx_word' id='word_1_243' title='bbox 933 4733 1041 4808; x_wconf 89' lang='lat' dir='ltr'><strong>nostri</strong></span> <span class='ocrx_word' id='word_1_244' title='bbox 1051 4734 1155 4808; x_wconf 88' lang='lat' dir='ltr'><strong>Jbosu</strong></span> <span class='ocrx_word' id='word_1_245' title='bbox 1169 4733 1305 4827; x_wconf 86' lang='lat' dir='ltr'><strong>Christi,</strong></span> <span class='ocrx_word' id='word_1_246' title='bbox 1318 4752 1412 4806; x_wconf 89' lang='lat' dir='ltr'><strong>anno</strong></span> <span class='ocrx_word' id='word_1_247' title='bbox 1426 4733 1472 4804; x_wconf 89' lang='lat' dir='ltr'><strong>ab</strong></span> <span class='ocrx_word' id='word_1_248' title='bbox 1483 4729 1720 4806; x_wconf 86' lang='lat' dir='ltr'><strong>incarnatione</strong></span> <span class='ocrx_word' id='word_1_249' title='bbox 1734 4727 1810 4822; x_wconf 83' lang='lat' dir='ltr'><strong>ejus</strong></span> <span class='ocrx_word' id='word_1_250' title='bbox 1816 4725 1928 4799; x_wconf 89' lang='lat' dir='ltr'><strong>mille·</strong></span> 
     </span>
    </p>
   </div>
   <div class='ocr_carea' id='block_1_8' title="bbox 0 0 2171 5908">
    <p class='ocr_par' dir='ltr' id='par_1_8' title="bbox 0 0 2171 5908">
     <span class='ocr_line' id='line_1_30' title="bbox 0 0 2171 5908; baseline 0 0"><span class='ocrx_word' id='word_1_251' title='bbox 0 0 2171 5908; x_wconf 95' lang='lat' dir='ltr'><strong> </strong></span> 
     </span>
    </p>
   </div>
  </div>
 </body>
</html>
