4306 5914
531 557 593 620 694
1028 560 1241 624 antonutct
1266 559 1440 622 scabunt
1749 555 1832 634 [hur.
1849 554 1937 616 12⁴9.

532 715 710 796 monam,
735 690 800 774 ubi
829 692 911 800 capi
940 691 1027 776 fecit
1050 693 1206 776 Petrum
1233 695 1281 777 de
1305 693 1422 776 Vinea
1450 687 1940 802 ejuspmditorem.0110d

532 823 688 932 quidem
708 849 795 905 cum
815 823 1085 908 intellexissent
1103 827 1305 936 populares
1321 827 1549 930 Cremonae,
1567 822 1770 906 uoluerunt
1786 820 1940 904 Petrum

534 980 603 1064 per
631 957 708 1040 dm
741 957 953 1066 destruere3
978 968 1105 1042 mmen
1133 972 1244 1043 nocte
1273 960 1397 1043 silenti
1423 959 1629 1066 imperator
1659 981 1748 1039 cum
1774 953 1940 1037 militnm

533 1088 689 1173 cohorte
720 1090 824 1174 misit
849 1090 977 1202 ipsum
1005 1093 1107 1203 apud
1133 1091 1306 1203 Burgum
1334 1092 1462 1175 Sancti
1489 1088 1670 1174 Domnini
1695 1088 1735 1170 in
1760 1087 1938 1171 vinculis.

536 1221 709 1305 chronic.
731 1228 776 1306 de
799 1225 1051 1308 ret.tn1tat.
1072 1240 1183 1336 pest,
1204 1253 1244 1336 p.
1266 1227 1358 1309 218.

742 1556 1021 1570 —n———nn—

418 1865 485 1951 ’Ὗς
588 1843 821 1956 Fridericus,
857 1848 1116 1932 Romanorum
1151 1849 1376 1958 impemtor‚
1420 1855 1573 1954 pactum
1617 1841 1818 1927 confirmat
1861 1865 1941 1949 quo

534 1976 707 2062 homines
725 1981 773 2062 de
793 1979 917 2064 Casuli
936 1981 1063 2064 Sancti
1080 1981 1205 2066 Evasii
1223 1993 1261 2064 et
1280 1979 1454 2062 homines
1476 1979 1525 2060 de
1545 1977 1735 2062 Paciliano
1760 1974 1799 2056 in
1821 1999 1940 2056 unam

534 2112 816 2198 uniuersitatem
848 2125 886 2198 et
914 2115 953 2196 in
985 2141 1108 2198 unum
1136 2113 1373 2198 domicilium
1398 2113 1646 2222 rediguntur,
1682 2109 1865 2222 jubetque
1892 2131 1940 2188 ne

534 2245 728 2353 capitanei
748 2247 807 2331 sui
834 2249 901 2358 qui
934 2249 1036 2358 apud
1068 2247 1200 2332 Casalo
1228 2273 1298 2356 pro
1323 2257 1492 2356 tempore
1524 2243 1665 2327 luerint
1691 2241 1812 2326 ullam
1844 2241 1942 2322 inter

444 2417 449 2430 ·
534 2377 634 2462 cives
652 2379 851 2490 utriusque
867 2381 1083 2465 communis
1100 2381 1380 2466 distinctionem
1399 2377 1617 2500 adhibeant.

615 2623 713 2705 (lldld.
728 2623 863 2688 Bruma.
882 2643 922 2686 nn
939 2625 972 2690 S.
991 2627 1406 2707 crona10‚ap.ttnmroa.‚
1423 2625 1567 2706 scriptor.
1586 2639 1647 2684 rer.
1669 2617 1754 2702 unt,
1772 2627 1797 2683 t.
1817 2617 1939 2696 xxnr,

653 2748 683 2810 p.
700 2731 784 2812 asc.)

581 2947 778 3039 chericus,
792 2948 855 3022 Dei
867 2948 977 3043 gratia
991 2949 1225 3022 Romanomm
1240 2948 1427 3044 imperator
1442 2954 1767 3044 semporaugustus,
1777 2944 1940 3016 lliemsa·

532 3069 602 3142 lem
627 3080 663 3144 ot
685 3071 798 3146 Sicilie
820 3093 897 3144 rex.
916 3073 980 3145 Per
1000 3093 1144 3169 presens
1166 3073 1331 3170 scriptum
1358 3081 1515 3144 nostmm
1540 3080 1661 3145 notum
1684 3067 1759 3141 lieri
1780 3069 1943 3140 volumus

531 3194 703 3268 universis
725 3196 859 3291 imperii
879 3194 1039 3270 fidelibus
1055 3207 1126 3269 tarn
1142 3197 1361 3294 presentibus
1382 3218 1487 3291 quam
1507 3194 1631 3268 lutuu's
1649 3193 1744 3287 quod
1757 3211 1942 3266 commune

531 3328 568 3390 et
581 3317 739 3391 homines
750 3321 795 3392 de
807 3321 916 3392 casali
930 3320 1170 3394 SanctiEvasii
1183 3320 1304 3394 fideles
1318 3321 1427 3394 nostri
1442 3319 1614 3414 majestati
1626 3329 1742 3391 nostre
1765 3315 1943 3388 humiliter

532 3442 770 3537 supplicarunt
790 3454 831 3517 ut
851 3467 931 3518 oum
956 3445 1113 3519 homines
1133 3446 1178 3519 da
1198 3447 1370 3519 Paciliuno
1383 3447 1486 3539 juxta
1510 3456 1611 3540 pacta
1635 3453 1671 3516 et
1693 3441 1943 3516 conventiones

531 3562 648 3636 habita
662 3564 752 3636 inter
767 3589 840 3658 eoa,
854 3570 1026 3641 translatis
1040 3569 1221 3642 domiciliis
1237 3569 1389 3664 ipsorum
1402 3568 1437 3640 in
1456 3569 1589 3658 Casale,
1605 3567 1697 3662 ipsos
1706 3565 1741 3637 in
1750 3565 1942 3658 municipes

530 3697 567 3760 et
579 3689 836 3764 cohabitatores
852 3694 1058 3786 roceperint,
1072 3705 1172 3789 pacta
1189 3704 1225 3766 et
1240 3695 1487 3767 conventiones
1497 3693 1653 3788 predicta
1670 3701 1744 3763 rata
1762 3691 1889 3762 habere
1906 3699 1943 3761 et

531 3812 689 3886 homines
709 3814 792 3888 dicti
814 3817 879 3888 loci
900 3817 936 3890 in
956 3839 1062 3890 unam
1086 3818 1345 3892 universitatem
1371 3829 1406 3890 et
1431 3839 1557 3912 corpus
1581 3839 1690 3889 unum
1717 3815 1875 3908 redigere
1896 3813 1942 3885 de

531 3948 650 4012 nostra
673 3939 784 4033 gratia
804 3941 1040 4034 dignaremur.
1060 3945 1129 4017 Nos
1155 3966 1240 4019 uero
1268 3944 1538 4039 supplicationes
1559 3963 1680 4014 eorum
1699 3941 1736 4012 in
1756 3940 1823 4012 hac
1843 3946 1942 4034 parte

530 4063 957 4157 benigniusadmittentes,
970 4076 1070 4161 pacta
1084 4079 1119 4141 et
1132 4069 1381 4142 conventiones
1394 4068 1556 4141 intereos
1569 4066 1735 4140 habitant
1747 4064 1942 4137 estdictum

531 4197 605 4259 rata
630 4187 819 4279 babemus,
849 4200 885 4262 et
907 4193 1116 4285 presentium
1140 4192 1344 4266 auctoritate
1367 4192 1550 4264 statuimus
1572 4201 1611 4262 ut
1634 4189 1760 4262 amodo
1781 4188 1817 4260 in
1840 4197 1944 4259 antea

530 4310 689 4384 homines
713 4311 797 4385 dicti
821 4314 924 4386 castri
946 4314 991 4387 do
1014 4315 1186 4390 Paciliano
1206 4316 1418 4389 habitatores
1443 4315 1511 4388 sint
1534 4315 1662 4389 Casalis
1685 4313 1831 4410 predicti
1852 4322 1888 4384 et
1908 4312 1943 4382 in

531 4432 728 4506 hominibus
752 4457 861 4507 unum
889 4437 1075 4512 hincinde
1099 4462 1224 4537 corpus
1247 4451 1282 4513 et
1307 4442 1429 4514 eadem
1454 4439 1660 4513 universitas
1679 4446 1880 4525 censeatur,
1896 4435 1944 4506 ita

530 4557 694 4630 videlicet
709 4561 803 4652 quod
815 4563 986 4656 capitanei
1001 4585 1090 4658 quos
1103 4587 1166 4661 per
1178 4577 1333 4662 tempora
1350 4565 1559 4661 porcariam
1571 4575 1725 4637 nostram
1740 4561 1849 4634 creari
1861 4581 1944 4633 eon·

532 4680 647 4774 tigerit
662 4681 697 4753 in
714 4683 832 4758 Canale
845 4687 1050 4782 protecturi,
1071 4699 1140 4762 tam
1160 4689 1319 4764 homines
1331 4689 1459 4764 Casatis
1477 4711 1582 4784 quum
1604 4687 1763 4762 homiues
1778 4684 1941 4758 Paciliani
