4318 5904
780 597 1093 668 auutrauuuuu
1579 607 1642 675 929

231 742 419 818 Victoriam
446 739 622 813 civitatem
646 757 752 832 ᾳιιιιιι
778 741 930 832 iecerat,
955 749 1060 835 atque
1076 737 1112 808 iu
1129 733 1250 808 Parma
1265 733 1441 808 destructa
1452 737 1486 808 in
1503 739 1640 834 siguum

232 865 433 940 rebellionis
448 875 484 937 et
495 862 696 958 sempiterni
712 863 890 960 opprobrii
904 874 940 938 et
958 860 1133 957 exempli,
1151 860 1259 932 salem
1275 859 1445 933 seminare
1461 861 1497 933 in
1513 865 1640 940 sterili-

234 991 315 1063 tatis
331 991 488 1084 signum,
514 995 764 1081 cognoscentes
793 988 880 1080 hoo,
905 989 1069 1060 mulieres
1093 986 1310 1076 Parmenses,
1327 985 1479 1058 maxime
1493 986 1637 1084 divites,

231 1113 368 1185 nobiles
383 1121 420 1184 et
432 1115 609 1209 polentes,
636 1111 787 1184 totaliter
808 1133 846 1184 se
866 1111 1089 1184 contulerunt
1101 1108 1147 1180 ad
1163 1108 1302 1179 besum
1320 1107 1495 1201 Virginem
1512 1110 1640 1209 depre-

232 1235 381 1310 candam
392 1243 434 1307 ut
446 1234 621 1308 civitatem
631 1254 728 1306 suam
744 1235 903 1306 Parmam
917 1255 938 1306 a
954 1232 1129 1305 Friderico
1143 1239 1179 1303 et
1193 1231 1238 1302 ab
1252 1231 1327 1303 aliis
1340 1227 1488 1305 inimicis
1501 1237 1641 1330 penitus

233 1360 415 1451 liberaret,
438 1377 482 1432 eo
497 1357 594 1452 quod
609 1377 735 1429 nomeu
755 1368 791 1430 ct
804 1358 1015 1431 vccabulum
1032 1375 1133 1429 suum
1149 1355 1185 1426 iu
1201 1355 1344 1427 matrice
1355 1353 1540 1430 Ecclesiae
1554 1359 1638 1432 Par·

234 1484 410 1556 mensibus
426 1483 462 1554 iu
473 1481 669 1554 reverentia
684 1480 838 1553 maxime
851 1481 1056 1554 habebatur.
1076 1482 1119 1552 Et
1133 1490 1174 1552 ut
1191 1477 1314 1552 melius
1331 1479 1579 1554 exaudirentur
1593 1481 1639 1556 ab

232 1607 328 1704 ipsa,
352 1607 510 1680 iecerunt
537 1604 612 1678 fieri
634 1625 740 1678 uuam
754 1606 929 1677 civitatem
945 1615 1052 1677 totam
1064 1612 1286 1696 argenteam,
1305 1623 1410 1696 quam
1423 1605 1518 1698 vidi,
1532 1616 1639 1700 atque

232 1730 336 1803 beate
357 1730 489 1826 Virgini
510 1730 712 1803 obtulerunt
734 1739 770 1801 et
791 1729 1027 1819 dcnaveruut;
1053 1738 1088 1800 et
1103 1737 1202 1799 eraut
1217 1727 1265 1800 ibi
1279 1728 1410 1821 majora
1424 1739 1459 1800 et
1472 1731 1638 1827 precipua

234 1851 369 1926 edificia
394 1852 543 1927 civitatis
570 1854 736 1926 fabricata
758 1853 910 1926 totaliter
929 1851 974 1924 de
992 1862 1136 1945 argento
1140 1904 1632 1930 .............

231 1977 337 2048 Ροιτο
350 1977 386 2048 iu
403 1977 463 2049 illo
474 1973 654 2048 meditulio
671 1976 853 2071 temporis,
872 1986 1059 2070 antequam
1076 1975 1121 2047 de
1135 1974 1286 2047 Victoria
1297 1973 1636 2050 civilateaParmeu·

233 2100 328 2172 sibus
352 2100 498 2173 victoria
522 2099 722 2192 haberetur,
748 2101 893 2172 exibant
919 2099 1045 2173 cotidie
1061 2099 1152 2170 hinc
1182 2108 1219 2170 et
1240 2097 1322 2170 iude
1343 2097 1390 2170 ad
1415 2099 1635 2194 preliandum

233 2223 426 2314 halestarii,
451 2224 573 2296 arcarii
595 2225 668 2297 sive
689 2221 854 2317 sagittarii
878 2233 913 2296 et
935 2223 1176 2314 fundibularii,
1196 2233 1231 2294 et
1244 2221 1349 2304 fiebat
1366 2222 1482 2295 valida
1498 2245 1633 2318 pugna,

230 2356 271 2419 ut
285 2347 358 2420 vidi
378 2348 489 2420 oculis
508 2348 611 2441 meis,
635 2348 698 2420 sed
712 2358 748 2420 et
761 2348 913 2420 beruarii
929 2346 1335 2442 discurrebantqualihet
1349 2345 1408 2417 die
1424 2367 1487 2441 per
1500 2347 1635 2443 episco-

229 2479 351 2567 patum
367 2469 624 2563 Parmensium,
652 2473 768 2544 omnia
793 2472 1020 2569 depredando
1047 2480 1083 2543 et
1098 2469 1352 2562 comburendo,
1370 2477 1406 2541 el
1422 2467 1514 2543 idem
1529 2473 1634 2545 lacie-

229 2595 317 2666 bant
335 2595 386 2666 illi
402 2594 447 2667 de
462 2597 585 2668 Parma
605 2594 894 2669 Cremonensibus
912 2606 947 2668 et
966 2595 1118 2688 Reginis.
1141 2593 1318 2666 Mantuani
1337 2594 1440 2665 etiam
1463 2607 1637 2668 venerunt

232 2725 388 2813 tempore
409 2717 469 2790 illo
497 2730 532 2792 et
558 2727 670 2791 totum
691 2717 810 2791 Casale
832 2720 943 2813 Majus
960 2719 1246 2806 combusserunt,
1264 2728 1305 2789 ut
1320 2717 1390 2789 vidi
1408 2718 1516 2790 oculis
1532 2719 1631 2792 meis.

230 2842 421 2937 inperator
439 2863 525 2914 vero
546 2844 701 2937 qualibet
720 2863 823 2914 mane
847 2841 1011 2915 veniebat
1029 2863 1107 2912 eum
1133 2839 1203 2911 suis
1224 2850 1259 2912 et
1277 2841 1312 2912 in
1337 2843 1454 2933 glarea
1484 2841 1636 2913 fluminis

229 2965 352 3038 Parme
370 2966 565 3045 decollabat
582 2975 651 3040 tres
669 2969 726 3040 vel
737 2977 888 3061 quatuor
902 2968 959 3039 vel
978 2965 1081 3038 eliam
1099 2966 1235 3061 plures,
1252 2965 1341 3037 sicin
1357 2964 1423 3036 sibi
1436 2964 1633 3058 videbatur,

230 3090 275 3163 de
297 3089 543 3163 Parmensibus
570 3100 605 3163 et
619 3092 871 3166 Mutinensibus
894 3101 929 3162 et
941 3087 1081 3181 Reginis
1095 3088 1157 3181 qui
1173 3098 1273 3160 erant
1288 3109 1334 3159 ex
1349 3097 1446 3184 parte
1464 3088 1632 3180 Ecclesia,

230 3233 318 3308 quos
331 3214 482 3286 habebat
495 3215 532 3286 iu
544 3216 707 3307 vinculis,
724 3215 925 3288 videntibus
936 3212 1178 3287 Parmensibus
1193 3211 1253 3305 qui
1266 3221 1365 3283 erant
1380 3212 1414 3281 iu
1430 3211 1582 3304 civitate,
1598 3219 1638 3282 ut

231 3337 404 3408 tristitiam
428 3337 509 3410 iude
526 3333 708 3411 habereut.
737 3339 782 3410 Et
803 3339 870 3411 hoc
886 3337 991 3408 fiebat
1008 3336 1043 3408 iu
1062 3337 1180 3429 glarea
1193 3335 1344 3406 nominis
1358 3336 1497 3426 Parme,
1516 3357 1638 3408 versus

230 3469 381 3551 montes,
398 3461 639 3557 ultrapcntem
647 3461 924 3554 Domiuellgidie
934 3513 943 3552 ,
955 3461 991 3531 in
1003 3462 1080 3533 loco
1090 3460 1151 3554 qui
1164 3457 1635 3556 diciturllidbuzauum(sic).

230 3585 447 3657 Ettuuctcta
458 3583 580 3657 militia
595 3585 813 3681 imperatoris
831 3585 879 3656 ibi
895 3593 1029 3656 armata
1045 3606 1125 3656 cum
1143 3584 1351 3678 imperatore
1365 3584 1496 3675 stabat,
1515 3584 1639 3655 timens

229 3709 492 3782 neParmeuses
508 3731 588 3781 cum
604 3709 676 3782 suis
692 3710 752 3804 qui
778 3709 986 3780 intrinsecus
1005 3727 1025 3778 e
1040 3707 1181 3798 regione
1195 3707 1335 3778 stabant
1348 3707 1492 3796 armati,
1519 3706 1566 3778 ad
1580 3728 1640 3779 eos

230 3832 464 3928 irrumperent
466 3881 1044 3906 ...............
1063 3829 1190 3902 Multos
1202 3829 1408 3902 innocentes
1421 3830 1512 3901 male
1527 3841 1639 3902 morte

230 3955 374 4044 cecidit,
397 3956 494 4049 quod
522 3955 635 4052 patuit
655 3953 691 4028 iu
713 3954 856 4028 domiuo
874 3954 1015 4027 Andrea
1031 3954 1076 4026 de
1093 3955 1220 4045 Trezo,
1247 3955 1308 4047 qui
1323 3954 1388 4024 luit
1403 3953 1529 4024 nobilis
1541 3953 1640 4026 miles

230 4080 275 4154 de
298 4081 486 4172 Cremona,
511 4091 547 4154 et
566 4081 603 4152 in
622 4079 781 4154 Conrado
802 4081 847 4153 de
869 4083 1033 4171 Berceto,
1053 4079 1115 4172 qui
1135 4079 1282 4150 clericus
1303 4087 1378 4149 erat
1396 4086 1431 4150 cl
1451 4079 1580 4172 probus
1603 4078 1640 4148 in

230 4203 354 4295 mmm,
377 4223 466 4296 quos
490 4205 723 4278 diversimode
754 4204 978 4278 tormentavit
1005 4212 1041 4275 el
1065 4224 1148 4273 cum
1166 4202 1246 4294 igue
1264 4209 1300 4271 et
1311 4221 1402 4295 aqua
1414 4209 1450 4271 et
1465 4201 1641 4295 suppliciis

231 4327 348 4401 variis.
373 4324 522 4400 Ducenti
545 4329 649 4400 etiam
668 4330 812 4422 milites,
835 4340 1023 4422 autequam
1042 4329 1165 4400 Parma
1187 4347 1208 4397 a
1230 4324 1405 4397 Friderico
1424 4324 1640 4415 recessisset,

121 4520 123 4527 .
230 4451 327 4524 missi
342 4460 478 4524 eranta
495 4449 739 4526 Parmensibus
757 4455 925 4528 Mutinam
944 4462 985 4524 ut
998 4452 1174 4523 civitatem
1188 4447 1420 4540 custodirent,
1437 4467 1525 4541 quos
1537 4447 1642 4520 Muti-
1670 4513 1676 4526 ,

230 4591 377 4664 nenses,
411 4574 471 4666 qui
500 4581 601 4646 eraut
627 4595 673 4647 ex
700 4587 798 4672 parte
822 4576 977 4671 imperii,
1003 4575 1118 4646 statim
1142 4574 1387 4646 concluserunt
1402 4571 1438 4643 iu
1453 4591 1592 4644 caraem
1610 4580 1645 4642 et

232 4707 426 4792 posueruut
442 4696 636 4772 invinculis
646 4753 657 4791 ,
669 4710 852 4795 postquam
865 4699 1216 4773 audieruutParmam
1228 4697 1273 4769 ab
1284 4697 1430 4794 imperio
1445 4696 1640 4770 recessisse.
