4352 5940
1685 574 1751 618 W

334 657 436 718 nne.
451 655 497 738 5.]
783 655 981 717 ursrcnrn
1005 653 1304 719 urrnouurrclt.
1674 617 1746 716 “ase

333 791 453 884 *banda
469 799 504 862 et
516 782 687 886 presentis
700 789 817 883 scripti
831 789 940 862 nostri
954 793 1158 864 auctoritate
1173 789 1368 882 firmamus3
1386 789 1567 885 ipsamque
1581 789 1747 862 iaciemus

336 913 542 986 auctoritate
557 923 676 986 nostra
693 913 936 986 inviolabiliter
952 915 1149 1008 observari,
1165 913 1335 1010 presentis
1352 913 1470 1008 scripti
1488 913 1577 986 serie
1593 912 1746 986 districte

337 1038 544 1109 mandantes
563 1047 736 1131 quatenus
752 1039 848 1109 nulla
863 1039 1070 1110 universitas
1086 1039 1145 1110 vel
1166 1037 1350 1130 singularis
1366 1055 1514 1130 persona
1531 1047 1651 1108 contra
1667 1057 1748 1133 pre·

338 1161 444 1232 sentis
466 1160 716 1258 scriptinostri
740 1170 895 1232 tenorem
919 1184 1006 1234 ausu
1033 1161 1216 1234 temerario
1238 1161 1359 1233 venire
1380 1169 1570 1255 presumat.
1593 1159 1695 1245 Quod
1718 1159 1747 1232 si

337 1281 586 1378 presumpserit
607 1281 815 1354 universitas
819 1335 1031 1357 ......
1059 1285 1242 1378 singularis
1264 1304 1348 1355 vero
1369 1293 1508 1354 centum
1528 1283 1747 1356 marcharum

338 1407 472 1500 argenti
488 1415 604 1501 preter
620 1405 895 1497 indignationem
911 1419 1065 1479 nostram
1082 1429 1209 1502 penam
1225 1407 1391 1496 incurrat,
1409 1417 1477 1478 eto.
1495 1403 1586 1502 (sic).

330 1537 333 1544 “
385 1531 513 1602 Datum
533 1530 570 1600 in
591 1529 712 1600 eastris
731 1529 767 1600 in
788 1530 969 1604 obsidione
991 1532 1133 1622 Parme,
1157 1551 1221 1625 per
1247 1551 1370 1601 manus
1396 1529 1549 1621 magistri
1566 1525 1685 1626 [Petri]
1701 1529 1746 1602 de

338 1653 461 1744 llinea,
478 1653 666 1748 imperialis
680 1653 760 1724 aula
779 1653 1004 1748 pmtonotarii
1021 1663 1057 1725 et
1069 1655 1168 1747 regni
1187 1653 1301 1726 Sicilie
1317 1653 1506 1746 logothete,
1521 1673 1613 1724 anno
1630 1651 1746 1725 domi-

337 1778 415 1849 nica
433 1777 679 1851 incarnationis
695 1777 877 1849 millesimo
899 1776 1136 1851 ducentesimo
1156 1778 1422 1871 quadragesimo
1443 1776 1609 1871 septimo,
1627 1769 1747 1848 mense

336 1901 428 1993 julii,
443 1901 565 1993 quinta
580 1899 782 1992 indictione,
802 1899 994 1994 imperante
1012 1899 1154 1973 domino
1169 1909 1288 1972 nostro
1307 1897 1471 1970 Federico
1486 1899 1549 1970 Dei
1566 1898 1677 1991 gratia
1691 1899 1747 1970 in-

336 2024 526 2096 victissimo
544 2023 752 2118 imperatore
766 2045 904 2119 semper
916 2031 1078 2115 augusto,
1092 2023 1306 2094 Hierusalem
1323 2031 1359 2094 et
1374 2021 1488 2094 Sicilie
1503 2041 1599 2114 rege,
1613 2021 1749 2116 imperii

338 2167 423 2218 vem
433 2148 508 2239 ejus
518 2167 613 2219 anno
623 2145 884 2240 XXVlll,regni
895 2145 1109 2218 Hiemsalem
1118 2147 1224 2238 XXll,
1237 2145 1334 2238 regni
1345 2166 1430 2218 vero
1441 2143 1555 2216 Sicilie
1566 2142 1744 2241 XXIX(?),

339 2269 497 2342 feliciter.
515 2267 641 2342 Amen.

1230 2557 1543 2572 -ι-ιιῇ

392 2815 625 2924 Fridericus‚
644 2817 905 2902 Romanorum
932 2818 1152 2926 imperator,
1175 2818 1225 2900 ad
1252 2813 1643 2928 suppl'icationem'Be
1736 2826 1743 2928 f
1787 2829 1940 2938 ,mg

326 2947 609 3058 archiepiscopi
626 2949 901 3056 Panormitam,
920 2949 1118 3058 privilegia
1139 2949 1317 3032 ecclesiae
1335 2953 1625 3037 Panormitanae
1643 2981 1745 3038 cou-
1809 2937 1917 3045 effi.

339 3079 486 3184 firmat,
502 3107 667 3191 quorum
685 3081 789 3190 prior
805 3079 1041 3164 confirmatio
1059 3080 1215 3164 fortuito
1232 3108 1324 3166 casu
1342 3083 1536 3192 deperdita
1554 3085 1691 3170 fuerat.

421 3293 524 3373 (ltdld.
540 3295 737 3374 Monemons,
750 3291 863 3368 Bolbe,
873 3291 1009 3376 privileg.
1025 3296 1199 3356 olisatrum
1216 3295 1378 3359 Parrormit.
1395 3296 1535 3378 melariae,
1549 3319 1581 3379 p.
1600 3301 1687 3384 tot.)

388 3476 514 3546 Datum
541 3475 579 3546 in
610 3476 731 3548 castris
755 3477 792 3548 in
815 3477 995 3550 obsidione
1016 3478 1156 3569 Parme,
1182 3500 1276 3552 anno
1300 3480 1472 3555 dominice
1498 3482 1746 3560 incarnationis

286 3693 290 3698 .
339 3599 522 3672 millesimo
537 3598 775 3673 ducentesimo
788 3600 1054 3694 quadragesimo
1069 3602 1234 3697 septimo,
1250 3625 1371 3676 mense
1380 3606 1476 3697 julii,
1494 3609 1617 3700 quinta
1633 3610 1744 3682 indic·

342 3722 459 3795 tione·
543 3773 547 3780 -

392 4193 624 4301 Fridericns,
649 4197 908 4281 Romanorum
933 4197 1153 4306 imperator,
1184 4200 1313 4283 scribit
1335 4203 1416 4312 regi
1440 4203 1619 4288 Franciae
1642 4211 1747 4317 quod
1814 4217 1916 4324 11:325?

340 4351 426 4407 cum
454 4327 686 4436 Lugdunum
714 4331 764 4411 ad
789 4327 1019 4412 offerendam
1046 4333 1311 4441 purgationem
1342 4359 1453 4417 suam
1478 4340 1745 4450 contenderet,

339 4457 557 4567 inopinatus
575 4484 708 4543 rumor
725 4459 940 4544 rebellionis
960 4463 1116 4546 Parmae
1134 4465 1370 4574 propositum
1394 4494 1508 4550 suum
1531 4474 1692 4556 mutavit
1709 4488 1747 4558 et

342 4591 489 4700 regredi
508 4592 630 4700 coegit
648 4593 697 4673 nd
715 4592 964 4676 obsidendam
978 4595 1078 4676 hanc
1092 4595 1297 4704 civitatem,
1308 4625 1426 4708 quam
1441 4601 1543 4684 brevi
1562 4604 1603 4685 in
1617 4606 1748 4689 domi-

343 4721 407 4804 nio
427 4747 497 4806 suo
514 4723 761 4833 redigendam
779 4726 991 4808 denuntiat.
