4306 5914
510 613 572 678 d'ld
1008 617 1223 683 tutnnttct
1245 621 1420 684 stertunt
1725 626 1806 712 [Ans.
1824 629 1914 694 1248.

509 749 605 965 31:11
627 755 795 832 castrum
821 746 1007 859 lemnae,
1038 752 1215 865 episcopo
1246 754 1473 840 vercellensi
1502 758 1569 868 qui
1599 757 1695 843 illud
1723 761 1915 848 detinebat

574 890 694 966 etum.

592 1093 765 1178 (Memorat.
775 1115 825 1178 up.
840 1098 998 1178 chouno,
1015 1103 1094 1166 Stor.
1109 1099 1186 1166 della
1199 1103 1346 1168 nomm.
1361 1103 1393 1168 do·
1403 1105 1526 1184 Sancte,
1540 1115 1565 1172 t.
1583 1109 1629 1188 11,
1645 1127 1676 1188 p.
1692 1117 1747 1186 ⁵4,
1761 1125 1800 1172 ex
1813 1113 1912 1176 zlhal·

628 1205 705 1267 donc
717 1205 900 1288 Plngonleno
914 1208 986 1270 Mos.
1001 1211 1032 1270 ln
1045 1210 1167 1273 arohlro
1180 1211 1379 1293 Tonrlneml.)
1409 1231 1411 1235 ’

557 1397 683 1467 Datum
687 1447 895 1468 ......
901 1446 912 1487 ,
932 1418 1025 1471 anno
1043 1396 1214 1472 dominice
1231 1400 1475 1475 incarnationis
1490 1403 1773 1497 ticuxtvttt,
1792 1427 1911 1482 mense

508 1519 717 1612 decembris,
734 1520 881 1616 septima
896 1520 1097 1596 indictione.

332 2173 424 2276 lah
557 2178 788 2287 Fridericus,
821 2179 1080 2264 Romanorum
1111 2179 1330 2290 imperator,
1360 2181 1488 2266 comiti
1518 2181 1721 2268 Thomesio
1752 2184 1800 2268 de
1828 2184 1909 2268 Sa-

504 2315 665 2424 bnudia‚
692 2313 840 2426 imperii
858 2341 881 2397 a
899 2314 1017 2424 Papia
1043 2313 1217 2424 superius
1244 2315 1410 2424 genernli
1437 2315 1594 2425 vicario,
1619 2327 1656 2400 et
1683 2317 1909 2402 haeredibus

504 2449 587 2558 ejus
604 2447 780 2560 pedagio,
801 2447 943 2560 regelie
961 2457 998 2531 et
1016 2473 1157 2557 pascua
1175 2449 1305 2532 omnio
1324 2459 1445 2532 terrae
1463 2476 1581 2559 quam
1599 2450 1713 2534 hebet
1730 2451 1908 2536 incomi-

503 2592 586 2668 tstu
604 2581 816 2666 Sahaudiae
834 2580 927 2666 etin
946 2580 1118 2691 portibus
1136 2581 1394 2691 Pedemontis,
1414 2584 1596 2667 concedit.

584 2811 680 2888 (Edit.
698 2829 747 2891 op.
763 2811 961 2888 (incensuros,
977 2811 1053 2872 Iiirl.
1069 2809 1105 2872 de
1120 2811 1237 2888 Soooe'e,
1251 2827 1389 2890 preuves,
1403 2828 1432 2889 p.
1451 2817 1505 2889 92,
1520 2828 1558 2873 ex
1574 2811 1696 2891 dlplom.
1714 2815 1832 2896 lupen,
1849 2815 1909 2878 los·

622 2921 677 2982 cio.
692 2919 718 2994 l,
730 2929 764 2982 n·
781 2917 843 2999 ts.)

550 3122 755 3212 Friderioue,
773 3121 834 3193 [lei
850 3121 960 3214 gretia
976 3121 1208 3194 Romanorum
1225 3121 1411 3217 imperator
1426 3143 1564 3217 semper
1574 3132 1754 3216 augustus,
1767 3125 1906 3198 Jerusa-

502 3251 571 3323 lem
587 3257 623 3320 et
636 3246 748 3320 Sicilie
765 3267 840 3317 rex.
856 3245 1080 3317 Benemeritis
1095 3245 1252 3317 Ceserem
1269 3245 1452 3341 providere
1466 3245 1626 3319 fidelibus
1638 3247 1703 3318 etsi
1715 3248 1825 3340 gratie
1837 3249 1909 3344 ple·

501 3373 625 3447 nitudo
635 3371 792 3461 suadent,
808 3369 1025 3442 servitiorum
1034 3371 1292 3463 quodammodo
1303 3371 1476 3464 gratitudo
1485 3371 1798 3466 compellitutdum
1809 3386 1907 3467 grets

501 3497 656 3572 fidelium
679 3506 944 3568 remunerentur
965 3493 1150 3588 obsequie,
1170 3493 1256 3566 fient
1275 3495 1373 3590 quasi
1397 3518 1460 3591 per
1481 3494 1637 3568 debitum
1659 3498 1823 3590 gratiora.
1842 3499 1908 3571 Per

503 3643 644 3720 presens
662 3621 778 3713 itaque
794 3618 1013 3716 privilegium
1028 3629 1150 3690 notum
1166 3620 1310 3690 lecimus
1326 3619 1496 3693 universis
1509 3621 1643 3716 imperii
1658 3619 1819 3694 fidelibus
1835 3631 1905 3694 tem

501 3747 719 3845 presentibus
739 3765 844 3840 quam
864 3743 988 3817 futuris
1004 3743 1099 3836 quod
1114 3763 1179 3816 nos
1194 3743 1413 3816 attendentes
1433 3743 1538 3817 fidem
1559 3767 1681 3840 puram
1697 3754 1732 3819 et
1748 3746 1904 3820 devotio·

500 3894 581 3946 nem
601 3871 770 3944 sinceram
792 3890 897 3963 quarn
913 3868 1061 3940 Thomas
1081 3868 1126 3941 do
1145 3867 1319 3941 Sehaudia
1340 3889 1469 3958 comes,
1490 3869 1579 3940 sacri
1600 3869 1734 3964 imperii
1755 3891 1777 3941 a
1802 3871 1904 3965 Papia

500 3996 659 4093 superius
667 3993 838 4089 generalis
847 3992 1160 4083 vicarius,dileotus
1170 3991 1282 4064 fidelis
1292 4003 1423 4079 noster,
1438 4013 1518 4085 erge
1530 3994 1744 4086 majestatem
1752 4005 1904 4066 nostram

500 4123 623 4213 habet;
643 4118 901 4193 considerantes
916 4116 1018 4188 etiam
1035 4126 1133 4210 grute
1152 4116 1375 4209 servitiaque
1393 4116 1485 4188 idem
1506 4116 1646 4188 culmini
1664 4127 1780 4190 nostro
1803 4118 1912 4218 euhi-¹

500 4247 576 4320 buit
591 4245 758 4318 hactenus
779 4254 814 4315 et
830 4241 996 4314 exhibere
1013 4241 1139 4336 poterit
1152 4241 1187 4312 in
1205 4241 1381 4331 futurum,
1398 4240 1564 4336 pedagia,
1581 4241 1708 4333 regalia
1728 4252 1763 4314 et
1778 4264 1904 4337 pascua
2017 4249 2025 4264 '

498 4371 615 4445 omnia
632 4379 723 4441 terre
740 4389 803 4440 sue
818 4387 922 4460 quem
941 4365 1047 4438 hehet
1061 4367 1095 4436 in
1113 4365 1277 4437 comitatu
1295 4365 1467 4437 Sebaudie
1489 4374 1524 4436 et
1541 4365 1757 4460 pertinentiis
1774 4367 1848 4458 ejus
1863 4388 1905 4440 ac

498 4497 535 4569 in
551 4494 707 4592 partibus
719 4490 993 4583 Pedemontium,
1010 4490 1076 4561 sibi
1092 4501 1127 4561 et
1145 4487 1332 4562 heredibus
1347 4490 1418 4560 suis
1434 4490 1469 4561 in
1486 4487 1554 4561 fide
1571 4500 1606 4562 et
1622 4489 1807 4562 devotione
1823 4511 1904 4563 nos·

500 4632 553 4696 tre
575 4617 836 4716 persistentibus
859 4615 903 4690 de
923 4625 1040 4690 nostra
1060 4615 1170 4707 gretie
1189 4615 1354 4688 duximus
1369 4616 1653 4707 concedendum3
1674 4615 1722 4687 ite
1742 4616 1904 4690 videlicet

498 4757 540 4819 ut
557 4756 628 4818 tam
644 4744 718 4840 ipsc
738 4764 844 4838 quem
865 4740 1013 4816 heredes
1034 4740 1089 4814 sui
1114 4739 1270 4835 predicte
1292 4740 1407 4813 omnia
1430 4761 1451 4814 e
1472 4741 1572 4814 nobis
1593 4750 1630 4814 et
1648 4739 1903 4814 successorihus
