4306 5914
533 615 594 680 eon
899 675 905 689 .
1030 626 1242 698 rnrnnurcr
1267 595 1438 687 sccuunr
1748 625 1831 710 [ars.
1849 626 1936 690 rsus.

532 756 763 830 concedentes
778 755 907 833 eisdem
924 770 960 835 et
973 764 1114 860 prelatis
1130 765 1283 861 ipsorum
1297 759 1483 858 reparandi
1497 768 1534 833 et
1548 759 1771 834 reedificandi
1789 759 1834 833 de
1847 783 1939 835 novo

531 877 703 973 civitates,
715 891 836 976 terras,
846 887 946 961 villas
962 898 1120 962 cicestra
1130 909 1192 960 sna
1205 889 1249 960 de
1262 887 1427 960 mandato
1441 885 1598 980 ejusdem
1606 886 1777 959 Frederici
1791 887 1826 958 in
1840 895 1937 981 parte

531 1005 588 1076 vel
607 1003 642 1077 in
660 1015 733 1080 toto
748 1006 864 1084 diruta
880 1033 942 1085 sen
957 1013 1132 1087 destructa
1143 1023 1188 1086 'et
1203 1011 1350 1085 faciendi
1373 1009 1563 1084 inhabitata
1584 1011 1772 1084 rehabitari
1793 1011 1936 1084 liberam

531 1138 750 1226 potestatem.
768 1133 849 1208 Post
864 1136 929 1211 bec
943 1137 1170 1232 irrefragabili
1191 1136 1434 1210 constitutione
1456 1136 1629 1209 sancimus
1646 1148 1686 1208 ut
1701 1135 1737 1208 in
1755 1135 1936 1210 cathedra·

531 1253 636 1349 libus,
658 1261 949 1334 conventualibus
966 1274 1002 1335 et
1017 1262 1207 1356 collegiatis
1223 1261 1378 1336 ecclesiis
1390 1261 1472 1334 dicti
1484 1260 1580 1355 regni
1591 1259 1940 1356 quandovucaverint

529 1379 718 1455 electiones
741 1383 848 1458 libere
869 1397 904 1459 et
924 1388 1090 1460 canonice
1110 1388 1330 1460 celebrentur
1347 1407 1414 1460 nec
1436 1386 1587 1479 eligendi
1606 1385 1744 1459 lieentia
1765 1387 1795 1458 si
1815 1367 1880 1458 rex
1900 1387 1935 1458 in

529 1503 654 1576 eodem
677 1527 786 1601 regno
806 1510 909 1584 luerit
929 1512 976 1584 ab
995 1511 1071 1608 ipso
1090 1512 1310 1606 aliquatenus
1326 1513 1533 1608 postuletur,
1549 1511 1722 1584 contraria
1743 1529 1849 1606 snper
1869 1509 1936 1582 boc

529 1632 781 1706 consuetudine
799 1653 879 1707 cum
900 1637 1055 1732 proiecto
1070 1637 1105 1709 in
1123 1657 1264 1710 enorme
1278 1637 1447 1710 libertatis
1466 1634 1696 1710 ecclesiastice
1716 1635 1935 1732 dispendium

529 1751 742 1829 redundaret
757 1779 827 1832 non
842 1760 1017 1854 obstante,
1034 1783 1100 1834 nec
1114 1762 1219 1834 etiam
1241 1774 1320 1857 post
1338 1761 1432 1858 ipsas
1453 1760 1639 1834 electiones
1652 1760 1768 1854 regius
1781 1759 1935 1854 requira-

521 1877 587 1948 tur
601 1899 780 1975 assensum
799 1884 1015 1980 provisiones
1031 1895 1067 1958 et
1079 1887 1319 1960 concessiones
1332 1908 1396 1960 seu
1409 1885 1610 1958 collationes
1625 1905 1746 1957 omnes
1760 1882 1805 1957 de
1821 1887 1935 1978 prela·

529 2001 1311 2105 turis,dignitatibus,personatibus,ecclesiis,
1319 2008 1506 2106 prebendis
1517 2008 1635 2082 etaliis
1645 2006 1937 2081 beneficiiseocle·

525 2126 673 2202 siasticis
699 2133 795 2226 regni
814 2135 937 2228 prelati
960 2156 1023 2231 per
1037 2137 1111 2228 jam
1132 2136 1263 2209 dictum
1279 2135 1498 2210 Fre'dericum
1519 2136 1573 2207 vel
1591 2135 1667 2228 ejus
1688 2134 1852 2206 mandato
1871 2153 1933 2205 seu

430 2349 435 2359 .
527 2271 592 2345 per
605 2273 688 2327 snos
700 2255 864 2330 officiales
881 2260 1083 2332 vacantibus
1099 2263 1154 2333 vel
1170 2280 1242 2333 non
1257 2259 1462 2333 vacantibus
1487 2257 1643 2351 ejusdem
1661 2255 1759 2350 regni
1781 2255 1935 2328 ecclesiis

528 2383 658 2452 temere
670 2392 905 2479 presumptas,
921 2393 957 2460 et
972 2383 1001 2456 si
1013 2405 1101 2478 quas
1109 2383 1144 2456 in
1153 2394 1396 2482 posterumaut
1405 2403 1468 2480 per
1475 2383 1605 2476 regiam
1612 2391 1934 2476 autquamcnmque

524 2511 733 2596 potestatem
753 2507 857 2580 eliam
879 2509 1070 2582 secularem
1095 2508 1139 2582 de
1170 2509 1253 2606 ipsis
1279 2509 1432 2606 presumi
1456 2507 1656 2601 contigerit,
1681 2507 1803 2578 inanes
1826 2505 1933 2576 immo

524 2627 639 2701 nullas
659 2632 798 2726 penitus
822 2633 1034 2708 nuntiantes.
1062 2635 1252 2708 Statnimus
1274 2634 1416 2730 insuper
1433 2644 1474 2704 ut
1501 2632 1574 2726 rogi
1596 2653 1660 2705 seu
1682 2631 1759 2704 aliis
1784 2628 1933 2703 dominis

522 2751 738 2828 secularibus
761 2758 918 2850 ejusdem
940 2759 1038 2853 regni
1061 2759 1283 2832 ecclesiarum
1303 2735 1458 2854 ipsarum
1480 2759 1603 2854 prelati
1628 2756 1688 2851 qui
1709 2755 1837 2849 regalia
1860 2775 1931 2826 non

525 2885 646 2951 tenent
661 2881 706 2954 ab
723 2881 957 2976 iltis,·nutlum
973 2883 1319 2980 deincepsfidelitatis
1327 2883 1517 2970 exhibeant
1523 2879 1931 2976 juramentumdnliqna

402 3103 405 3110 ¹
521 3021 663 3098 qnoque
677 3016 874 3080 sanctorum
890 3018 1027 3113 patrum
1043 3019 1172 3083 statuta
1184 3017 1369 3104 sequentes
1384 3017 1554 3104 perpetuo
1566 3006 1744 3079 lirmamus
1762 3005 1875 3078 edicto
1891 3013 1932 3074 ut
2029 3057 2032 3070 .

522 3129 640 3201 nullus
659 3131 805 3206 clericus
821 3133 895 3206 sive
912 3135 1035 3228 quevis
1051 3155 1199 3231 persona
1215 3133 1448 3207 ecclesiastica
1462 3133 1560 3226 regni
1579 3131 1702 3228 prelati
1719 3127 1930 3227 respondere

486 3305 490 3312 .
522 3249 559 3322 in
572 3251 809 3328 criminalibus
824 3259 880 3330 vel
895 3257 1056 3330 civilibus
1071 3257 1322 3352 questionibus,
1339 3256 1442 3328 eliam
1457 3256 1485 3329 si
1497 3266 1620 3328 contra
1636 3253 1843 3328 eamdelese
1854 3275 1929 3328 ma·
2047 3325 2052 3334 .

518 3375 655 3467 jestalis
671 3391 794 3472 agatur
810 3381 967 3475 crimine,
979 3382 1015 3455 in
1033 3383 1179 3456 seculari
1192 3383 1325 3477 judicio
1336 3379 1930 3475 teneatur,districtiusprobibentes

521 3519 566 3572 ne
584 3500 618 3572 in
638 3501 697 3576 illo
712 3503 741 3576 si
757 3505 804 3578 ad
820 3504 933 3600 ipsum
954 3506 1057 3579 eliam
1076 3516 1185 3579 tracta
1203 3505 1306 3578 suerit
1324 3505 1535 3600 respondere
1557 3505 1745 3600 presumat.
1762 3501 1927 3574 Decerni-

521 3645 598 3698 mus
616 3627 721 3700 etiam
741 3638 781 3701 ut
799 3632 915 3703 nullus
939 3631 1061 3725 majori
1085 3631 1442 3705 excommunicatione
1464 3629 1590 3722 ligatus
1614 3629 1687 3701 sive
1712 3627 1757 3700 sit
1782 3627 1928 3701 clericus

517 3749 594 3824 sive
616 3751 738 3846 laicus,
763 3753 966 3827 admittatur
984 3756 1020 3827 iu
1044 3757 1119 3830 loro
1133 3755 1365 3830 ecclesiastico
1379 3756 1436 3827 uel
1453 3733 1598 3826 seculari
1613 3753 1649 3824 in
1664 3752 1786 3825 eodem
1802 3772 1925 3844 regno,

519 3875 721 3971 prinsquam
735 3879 916 3952 absolutus
934 3880 1051 3972 luerit,
1068 3881 1113 3953 ad
1128 3881 1314 3976 agendum.
1332 3873 1927 3972 Hiisquoqueirreuocabilidecreto

516 3979 700 4093 adjicimus
717 4013 757 4074 ul
779 4003 1045 4099 archiepiscopis
1069 4015 1105 4077 et
1123 4003 1293 4099 episcopis
1308 4001 1466 4095 ejusdem
1479 4002 1576 4095 regni
1592 4002 1627 4073 in
1643 4001 1716 4073 suis
1731 3999 1927 4073 civitatibus

517 4135 554 4196 et
568 4124 763 4198 diocesibns
780 4133 818 4199 et
837 4129 976 4223 prelatis
992 4127 1068 4200 aliis
1081 4128 1117 4199 in
1133 4129 1217 4201 locis
1232 4129 1268 4200 in
1284 4127 1411 4221 quibus
1422 4125 1698 4218 jurisdictionem
1713 4124 1925 4220 spiritualem

515 4247 689 4342 obtinent,
696 4251 877 4343 judicandi
887 4259 924 4324 et
932 4252 1099 4348 puniendi
1115 4253 1306 4326 secundum
1320 4251 1415 4345 quod
1432 4271 1584 4322 canones
1599 4261 1744 4322 censent
1757 4249 1926 4322 adulteria

512 4382 551 4445 et
563 4373 631 4446 alia
645 4373 788 4446 crimina
804 4384 874 4447 tam
891 4376 1199 4449 ecclesiasticarum
1214 4398 1318 4470 quam
1337 4373 1542 4448 secularium
1557 4395 1782 4470 personarum
1796 4382 1833 4444 et
1844 4393 1926 4445 cen·

515 4515 632 4569 suram
647 4509 790 4593 propter
812 4499 879 4572 boc
898 4499 933 4572 in
956 4501 1047 4596 ipsas
1058 4503 1325 4573 ecclesiasticam
1342 4499 1548 4590 exercendi,
1567 4499 1748 4595 temporali
1759 4496 1922 4589 jurisdic-

513 4621 608 4694 tione
631 4622 780 4695 dominis
795 4625 1045 4721 temporalibus
1060 4625 1305 4698 nichilominus
1318 4636 1515 4714 reservata,
1530 4643 1668 4696 necnon
1687 4620 1937 4714 cognoscendi·

512 4746 558 4820 de
572 4746 688 4820 causis
702 4747 838 4821 dotium
851 4760 890 4822 et
905 4750 1079 4825 uniuersis
1094 4751 1171 4823 aliis
1186 4771 1257 4844 qne
1270 4749 1318 4824 ad
1335 4752 1448 4824 lorum
1465 4747 1735 4822 ecclesiasticum
1749 4747 1924 4842 pertinent
