4352 5940
1005 562 1219 628 rnlbltnlcl
1242 561 1415 623 sucurtnl
1723 565 1806 642 [llus.
1825 565 1912 628 1248.

557 1085 798 1169 Innocentius
846 1113 945 1198 papa
989 1087 1314 1200 archipresbytero
1349 1087 1398 1168 de
1436 1085 1651 1169 Curtenova
1690 1087 1911 1197 Baginensis

504 1217 684 1301 dioecesis
711 1230 749 1301 et
770 1218 933 1302 lloberto
965 1221 1013 1302 de
1046 1221 1215 1330 Corrigia
1245 1218 1427 1301 canonico
1456 1219 1657 1328 Reginensi
1685 1221 1843 1302 mandat
1868 1229 1912 1300 ut

504 1352 852 1433 excommunicatos
883 1351 1107 1436 denuntient
1133 1351 1294 1461 singulis
1319 1350 1454 1434 diebus
1479 1351 1681 1434 dominicis
1706 1363 1744 1434 et
1767 1351 1910 1434 festivis

502 1481 548 1564 Il.
582 1484 778 1592 quondam
810 1485 975 1594 priorem
1013 1483 1233 1568 Columbari
1265 1495 1304 1566 et
1334 1481 1450 1594 hujus
1479 1484 1668 1592 prioratus
1704 1483 1910 1566 monachos

502 1639 649 1696 necnon
669 1615 715 1698 G.
736 1615 859 1698 lilium
878 1616 1085 1698 bonacursi
1104 1617 1152 1699 de
1170 1617 1312 1698 Palude
1334 1615 1383 1698 ob
1406 1615 1460 1696 eis
1483 1615 1522 1696 in
1548 1615 1725 1700 abbatem
1748 1615 1909 1699 Marciae

501 1746 681 1849 electum,
703 1748 770 1856 qui
797 1748 1018 1832 auctoritate
1036 1748 1186 1832 Henrici
1204 1749 1283 1830 nati
1311 1747 1490 1830 Friderici
1517 1748 1714 1856 quondam
1741 1747 1909 1857 impera-

502 1878 594 1962 toris
612 1904 652 1960 se
669 1879 708 1958 in
726 1879 1005 1987 possessionem
1031 1880 1149 1990 hujus
1172 1880 1391 1964 monasterii
1414 1880 1581 1964 intrusit.

584 2093 755 2172 (Memorat.
771 2095 1166 2172 ap.Tmanoscn1,Mcmor.
1184 2100 1253 2157 ator.
1266 2091 1394 2166 Medea,
1404 2101 1428 2154 t.
1437 2093 1477 2168 V,
1493 2095 1558 2154 cod.
1574 2093 1743 2172 diplomat,
1756 2110 1787 2173 p.
1804 2091 1867 2172 ²8.)

549 2279 673 2350 Datum
708 2280 883 2372 Lugduni,
913 2281 989 2352 Vlll
1018 2280 1185 2352 kalendas
1214 2279 1397 2372 februarii,
1431 2279 1652 2376 pontificatus
1680 2280 1790 2352 nostri
1816 2302 1908 2354 anno

501 2402 635 2495 quinto.

317 2877 346 2930 ff
434 2889 447 2920 ⁰
553 2871 786 2980 Fridericus,
810 2874 1068 2958 Romanorum
1087 2873 1307 2982 imperator,
1328 2883 1458 2956 narrat
1480 2873 1656 2957 fidelibus
1680 2873 1759 2958 suis
1784 2873 1906 2956 uicto-

498 3005 596 3085 riam
620 3006 796 3088 Friderici
821 3007 965 3116 nepotis
991 3007 1050 3089 sui
1073 3009 1176 3116 apud
1204 3005 1434 3111 Taurinum,
1463 3007 1681 3090 describens
1710 3005 1905 3115 quomodo

497 3137 691 3222 Mantuani
714 3142 763 3223 od
787 3153 940 3250 pontem
971 3141 1062 3224 Padi
1089 3141 1139 3223 ab
1166 3139 1326 3222 Henrico
1348 3139 1428 3222 filio
1453 3165 1524 3222 suo
1550 3137 1743 3250 profligati
1765 3138 1906 3224 suerint

496 3281 535 3353 et
555 3272 676 3355 Guelfi
694 3299 715 3355 e
732 3273 923 3356 Florentia
941 3301 1008 3384 per
1026 3274 1258 3360 Friderioum
1278 3273 1397 3356 Albae
1414 3274 1592 3356 comitem
1611 3272 1734 3383 ejecti.

577 3485 672 3566 (Edlt.
685 3489 717 3547 ln
730 3488 812 3549 Pclrl
822 3485 858 3548 dc
878 3487 942 3548 Vin.
955 3488 1051 3568 epist„
1064 3489 1116 3550 llb.
1133 3489 1174 3562 ΙΙ,
1189 3505 1254 3567 cap.
1266 3488 1335 3566 XL;
1351 3489 1419 3550 coll.
1431 3505 1500 3549 cum
1513 3489 1580 3550 cod.
1591 3489 1669 3548 Bibl.
1681 3487 1779 3548 Cesar.
1795 3487 1901 3556 Parls.‚

506 3659 512 3667 ‚
606 3590 699 3672 sceda
713 3595 920 3673 Nolae-Dama,
933 3593 1017 3674 202.)

543 3779 596 3851 Ex
621 3780 739 3851 votiva
764 3789 963 3852 nostrorum
990 3780 1212 3852 nunciationc
1244 3801 1486 3870 successuum,
1506 3801 1575 3875 qua
1602 3778 1902 3875 expectationibus

493 3903 617 3976 vestris
633 3914 750 3974 nostra
765 3903 962 3995 benignitas
982 3903 1164 3995 satisfecit,
1185 3903 1316 3997 liquido
1334 3913 1523 3999 potuerunt
1543 3903 1649 3974 vestri
1669 3925 1791 3975 sensus
1809 3905 1900 3974 acci·

493 4049 577 4124 pere
611 4036 780 4120 quantum
815 4027 996 4099 nobiscum
1025 4049 1162 4123 semper
1191 4025 1459 4098 misericorditer
1485 4027 1594 4120 egerit
1625 4026 1771 4098 dextera
1802 4027 1902 4119 Regis

492 4172 632 4244 regum3
653 4160 689 4222 et
708 4159 748 4222 ut
768 4150 912 4223 videatis
928 4151 975 4224 ad
995 4153 1136 4224 oculum
1156 4151 1252 4245 quod
1269 4149 1420 4224 bostium
1435 4161 1633 4226 nostrorum
1649 4160 1788 4226 varsula
1802 4149 1901 4222 calli·

492 4274 582 4347 ditas
597 4273 725 4346 divinis
740 4273 857 4368 potius
873 4297 978 4368 quam
993 4274 1153 4347 humanis
1168 4273 1432 4372 exceptionibus
1448 4273 1644 4362 collidatur,
1660 4273 1779 4344 audite
1794 4273 1899 4344 mira·

491 4397 598 4469 bilem
610 4397 727 4469 divine
743 4398 961 4472 solummodo
979 4399 1185 4494 provisionis
1204 4407 1381 4470 eventum.
1401 4397 1489 4469 Nam
1504 4419 1584 4469 cum
1605 4395 1759 4468 marchio
1775 4395 1901 4468 Montis

490 4519 641 4609 Ferrati,
658 4541 763 4612 quem
782 4532 880 4612 grata
897 4532 932 4594 et
950 4522 1134 4616 multiplex
1146 4519 1394 4594 beneficiomm
1408 4532 1604 4594 nostrorum
1623 4519 1780 4610 collatio,
1795 4519 1899 4592 etiam

490 4652 648 4716 cessante
661 4641 837 4717 affinitatis
853 4656 971 4718 nostre
988 4645 1097 4737 linea,
1113 4667 1184 4738 qna
1202 4646 1339 4718 culmen
1359 4645 1552 4718 serenitatis
1572 4651 1689 4716 nostre
1710 4642 1896 4736 contingit,
