4300 5916
216 612 319 673 bantur.
334 610 381 692 4.]
666 609 865 673 HISTORIA
889 605 1189 672 ntetottmtct.
1569 603 1631 666 875

268 746 356 820 Acta
374 755 456 817 sunt
477 744 543 817 bec
565 743 600 816 in
621 745 762 818 civitate
783 747 957 840 Augusta,
981 747 1017 817 in
1040 745 1144 817 domo
1157 742 1333 839 predicta,
1349 761 1442 813 anno
1456 739 1630 814 dominice
1694 723 1699 738 Χ

219 869 466 944 incarnationis
477 869 660 942 millesimo
675 869 738 943 CC⁰
748 870 1015 966 quadragesimo
1029 879 1143 961 sexto,
1161 869 1220 942 llll
1232 866 1398 940 kalendas
1408 866 1628 963 septembris,

218 1005 344 1090 quarta
358 991 559 1067 indictione.

272 1540 384 1623 Anno
405 1540 455 1626 M.
470 1540 545 1623 CC.
558 1540 670 1623 XLVI
695 1539 892 1622 Conradus
910 1564 976 1621 rex
994 1539 1104 1621 duxit
1124 1539 1164 1620 in
1189 1565 1346 1622 uxorem
1369 1538 1489 1622 filiam
1514 1539 1628 1626 Otto-

216 1673 278 1757 nis
304 1673 481 1784 palatini,
507 1672 680 1756 kalendis
706 1673 942 1782 septembris.
964 1675 1096 1756 local.
1125 1681 1318 1782 Wormot.,
1343 1700 1404 1783 ap.
1433 1673 1624 1778 Bonaunn,

216 1813 361 1903 Fontes,
390 1816 419 1889 t.
448 1807 497 1912 ll,
516 1833 555 1916 p.
581 1807 670 1887 185.
691 1851 746 1868 -
765 1804 1013 1913 Chunradus,
1035 1805 1137 1888 filius
1163 1804 1340 1888 Fridcrici
1366 1805 1625 1915 imperatoris,

215 1938 328 2022 duxit
345 1965 503 2022 uxorem
528 1938 725 2022 dominam
743 1937 948 2048 Elysabetb
967 1937 1085 2019 liliam
1105 1939 1256 2023 Ottonis
1282 1938 1390 2022 ducis
1414 1939 1622 2022 Bawan'ae.

213 2079 342 2155 Herm.
364 2074 484 2156 Attal.
505 2075 657 2180 leuat,
676 2072 839 2208 ibidem,
859 2098 899 2181 p.
921 2071 1015 2156 506.

422 2373 1418 2386 ——n—fflffl

271 2631 487 2741 Conradus,
508 2632 548 2714 in
566 2631 827 2716 Romanorum
845 2659 975 2743 regem
995 2633 1157 2739 electus,
1184 2634 1350 2718 consorti
1376 2660 1467 2717 suae
1491 2634 1623 2717 Elisa·
1743 2671 1759 2703 ιι

93 2810 95 2816 ν
216 2761 353 2846 netum
383 2763 484 2848 filiae
509 2764 617 2847 ducis
643 2765 855 2874 Bawariae,
883 2790 952 2874 pro
979 2763 1196 2848 matutinali
1225 2767 1328 2848 dono
1354 2766 1460 2876 quod
1486 2766 1625 2850 dicitnr

214 2899 456 3007 llorqeouub,
481 2899 600 2982 donet
625 2909 766 2982 terram
785 2925 894 2981 suam
917 2900 965 2981 de
987 2899 1183 3008 Moringen
1208 2908 1245 2981 et
1271 2907 1390 2981 totam
1412 2909 1624 2982 contratam

216 3055 315 3138 quae
333 3029 472 3113 dicitnr
490 3031 644 3114 Hibisoh
663 3058 751 3114 oum
770 3031 949 3114 omnibus
967 3057 1099 3114 earum
1118 3031 1366 3140 pertinentiis.

297 3243 393 3322 (lldlt.
404 3261 453 3323 op.
464 3245 584 3324 Cant,
596 3247 702 3309 Foeta
714 3265 773 3308 rer.
786 3245 903 3320 Aucta,
915 3243 1141 3325 mpetratum,
1154 3264 1222 3324 pers
1235 3247 1261 3325 1,
1276 3265 1306 3324 p.
1326 3257 1353 3324 t,
1368 3263 1406 3307 ex
1420 3248 1532 3310 arcblv.
1547 3249 1625 3310 Vln-

334 3351 445 3412 dobon.
461 3385 502 3400 -
514 3355 670 3416 Memorat.
686 3372 735 3434 ap.
751 3357 917 3428 Boinasa,
935 3353 1047 3436 nocet.
1065 3354 1182 3433 imper„
1196 3372 1227 3431 p.
1244 3362 1313 3426 ²66,
1328 3363 1361 3414 n⁰
1375 3353 1439 3433 82.)

262 3540 458 3632 Conradus,
476 3540 548 3613 divi
572 3539 711 3633 augusti
731 3539 950 3634 imperatoris
974 3539 1138 3612 Friderici
1163 3537 1271 3629 filius,
1291 3539 1353 3612 Dei
1368 3541 1480 3633 gratia
1496 3544 1623 3616 lloma·

211 3683 340 3736 norum
362 3663 398 3736 in
416 3685 534 3759 regem
554 3665 702 3754 clectus,
722 3686 859 3758 semper
879 3673 1046 3756 augustus
1060 3674 1095 3735 et
1109 3662 1210 3736 bores
1224 3663 1323 3757 regni
1335 3665 1538 3739 Jerusalem.
1559 3668 1626 3741 Per

210 3809 358 3882 presens
373 3790 538 3882 scriptum
553 3799 675 3861 notum
691 3788 836 3860 iacimus
850 3789 1022 3861 universis
1038 3788 1173 3883 imperii
1188 3787 1349 3861 fidelihus
1368 3800 1437 3862 tam
1453 3793 1624 3886 presenti·

210 3909 279 3982 bus
293 3932 399 4004 Qum
420 3911 544 3982 tuturis
566 3912 663 4006 qnod
687 3932 752 3984 nos
770 3911 963 4002 Elisabete,
979 3911 1104 3983 dilecte
1120 3912 1271 3983 consorti
1285 3923 1420 4006 nostre,
1439 3913 1509 3987 filie
1524 3916 1624 3988 Otto·

209 4033 286 4125 nis,
318 4033 453 4107 comitis
479 4035 625 4107 Palatini
647 4034 778 4125 Rheni,
811 4035 910 4107 ducis
942 4035 1119 4127 Bawarie,
1145 4035 1263 4108 dilecti
1283 4037 1448 4132 principis
1462 4049 1498 4110 et
1512 4039 1623 4111 soceri

209 4158 333 4247 nostri,
354 4158 516 4230 dedimus
533 4169 568 4231 et
579 4159 784 4233 donavimus
795 4169 921 4230 terram
933 4167 1087 4229 nostram
1097 4157 1510 4253 quediciturllloringen,
1523 4162 1623 4236 nobis

210 4277 423 4353 hereditario
440 4283 520 4375 jure
542 4283 791 4377 pertinentem,
808 4291 843 4354 et
859 4281 1064 4354 nominatim
1083 4291 1188 4354 wtam
1204 4292 1396 4355 contratam
1411 4307 1480 4378 qne
1497 4283 1624 4358 dicitur

209 4402 353 4475 Hibisbe
372 4401 435 4501 (o),
462 4405 527 4500 ipsi
551 4415 641 4478 terre
662 4405 706 4477 de
726 4405 906 4497 Moringcn
923 4406 1047 4498 atejus
1060 4407 1276 4501 pertinentiis
1297 4408 1523 4502 attinentem,
1542 4430 1623 4481 cum

209 4526 394 4620 militibus,
425 4529 580 4620 rusticis,
607 4529 844 4620 agriculturis,
871 4529 999 4624 pratis,
1033 4530 1133 4602 terris
1155 4531 1258 4603 cultis
1278 4541 1314 4604 et
1330 4532 1487 4625 incultis,
1506 4534 1620 4626 silvis,

251 4700 295 4784 (a)
317 4663 381 4766 Sub
394 4705 484 4766 rurils
498 4721 616 4784 quoqne
629 4703 798 4766 nomlnlbus
811 4703 955 4786 Hiditcko,
971 4704 1099 4782 Eidiscll,
1111 4705 1247 4788 Aptuca,
1261 4706 1365 4789 Eyscb
