4352 5940
512 634 573 696 556
1011 633 1227 694 rutbnalct
1252 631 1427 694 sacuam
1732 631 1813 716 [Ara.
1831 633 1920 698 12⁴7.

510 769 638 843 deinde
656 767 838 841 confestim
855 767 1037 863 repetituri
1055 768 1295 859 Germaniam,
1312 766 1359 839 ad
1379 775 1494 839 motus
1514 767 1608 859 ejus,
1624 787 1713 860 quos
1727 769 1922 863 aliquorum

510 891 704 996 infidelium
723 891 926 987 provocavit
941 891 1118 986 iniquitas,
1136 891 1322 966 salubriter
1337 888 1610 985 componendos.
1628 892 1702 964 lion
1717 901 1836 964 autem
1852 901 1922 966 tam

510 1017 650 1088 salubre
668 1015 902 1111 propositum,
919 1014 1018 1086 vetut
1039 1013 1145 1086 linem
1167 1024 1264 1088 tanto
1286 1013 1475 1087 discrimini
1496 1013 1706 1109 positurum,
1726 1015 1922 1089 italicorum

509 1152 547 1214 et
565 1138 871 1235 Transalpinorum
893 1139 1088 1211 communis
1106 1139 1226 1233 opinio
1245 1139 1402 1210 omnium
1421 1138 1702 1226 commendabat,
1716 1139 1776 1232 qui
1792 1140 1921 1233 glorio·

510 1285 587 1336 sum
601 1274 718 1335 nostre
733 1262 924 1355 majestatis
934 1283 1114 1334 aceessum
1125 1263 1299 1335 continuis
1311 1261 1532 1334 missionibus
1546 1271 1583 1334 et
1597 1283 1741 1358 precum
1751 1264 1924 1337 conlusio-

509 1388 615 1460 nibus
631 1396 830 1478 evocantes,
848 1385 1080 1458 desideratam
1097 1384 1231 1457 mundo
1247 1405 1368 1480 pacem
1384 1394 1568 1481 propterea
1585 1395 1847 1481 proventuram,
1865 1386 1922 1460 vel

509 1512 762 1584 insurrecturas
775 1511 811 1581 in
826 1519 922 1604 petra
939 1509 1094 1581 scandali
1112 1509 1299 1582 seditiones
1321 1519 1357 1580 et
1375 1509 1490 1601 jurgia
1505 1507 1685 1581 nationum
1697 1509 1922 1582 infallibiliter

511 1635 725 1708 asserebant.
739 1634 808 1706 Sed
824 1655 915 1728 papa
931 1633 1063 1706 interea
1077 1634 1122 1707 de
1137 1644 1228 1705 terre
1242 1643 1376 1723 sancte,
1391 1631 1481 1728 prob
1497 1632 1608 1724 dolor,
1619 1634 1776 1707 luctuosa
1790 1635 1923 1708 desola-

513 1759 606 1832 tione
625 1779 695 1829 non
716 1779 860 1848 curans,
878 1779 947 1851 que
965 1757 1147 1829 Christiani
1166 1756 1343 1850 sanguinis
1360 1757 1527 1828 allusione
1543 1756 1716 1851 dispersa,
1734 1757 1819 1829 dum
1835 1757 1923 1832 lilios

512 1881 671 1978 deplorat
689 1880 876 1971 extinctos,
890 1882 1020 1973 justam
1037 1882 1083 1953 de
1100 1879 1258 1952 hostibus
1276 1880 1385 1972 exigit
1399 1880 1581 1970 ultionem,
1595 1879 1639 1952 de
1655 1901 1725 1976 qua
1740 1879 1823 1953 fidei
1839 1903 1921 1954 nos·

514 2014 565 2077 tre
583 2007 697 2077 cultus
719 2004 884 2077 divinitus
901 2017 936 2076 et
952 2005 1111 2076 doctrina
1129 2004 1318 2099 processit,
1339 2003 1386 2075 ad
1404 2002 1596 2075 infidelium
1620 2015 1817 2076 nostrorum
1837 2027 1922 2078 oon·

512 2151 634 2201 versus
655 2129 804 2219 auxilia,
824 2128 884 2221 qui
904 2137 1009 2222 caput
1031 2126 1162 2200 heresis
1182 2127 1342 2198 nutriunt
1361 2149 1430 2220 que
1451 2130 1524 2219 jam
1548 2129 1703 2224 prolecto
1723 2128 1921 2201 universam

511 2253 702 2344 Liguriam,
717 2273 927 2344 quamquam
950 2271 1026 2323 eam
1046 2261 1166 2324 noster
1187 2251 1279 2323 ensis
1298 2249 1529 2346 opprimeret,
1547 2240 1729 2340 iniecerat,
1747 2253 1921 2348 copiosam

511 2377 847 2447 ultramontanorum
863 2375 1010 2445 militum
1032 2373 1249 2464 comitivam,
1270 2374 1315 2446 de
1337 2373 1574 2469 pecuniaque
1597 2375 1662 2445 sibi
1684 2376 1816 2447 neoad
1837 2377 1922 2448 tales
2041 2387 2044 2391 ’
2145 2459 2175 2490 η

511 2522 596 2571 usus
619 2499 663 2571 de
687 2495 840 2569 fidelium
865 2518 970 2567 manu
992 2497 1181 2592 porrigitur
1202 2497 1357 2591 proauis
1380 2497 1561 2592 stipendiis
1582 2498 1782 2588 solidatam,
1804 2499 1921 2571 subtili

512 2621 671 2716 quidem,
696 2621 777 2693 lieet
803 2617 975 2692 malitioso
1002 2619 1165 2711 consilio,
1190 2619 1226 2690 in
1251 2621 1424 2692 consortia
1450 2621 1758 2693 Mediolanensium
1784 2622 1920 2696 mittere

511 2755 656 2819 conatus
677 2745 867 2832 incassum
890 2764 1039 2836 quorum
1057 2743 1232 2836 presentia
1246 2746 1303 2815 vel
1320 2755 1398 2838 post
1417 2754 1552 2838 tergum
1573 2745 1675 2816 nobis
1695 2745 1827 2818 ltaliam
1848 2756 1918 2820 tra·

511 2869 623 2956 beret,
633 2869 688 2940 vel
706 2888 906 2962 processum
922 2866 1031 2938 nostri
1047 2867 1208 2938 culminis
1221 2878 1301 2962 post
1318 2866 1550 2960 Lugdunense
1568 2867 1751 2940 concilium
1760 2865 1824 2966 [in]
1835 2870 1919 2941 Ger·

512 2993 664 3065 maniam
675 2991 872 3085 impediret,
886 3011 948 3084 spe
959 2991 1143 3061 frustratus
1158 2989 1300 3064 omnino
1315 2990 1360 3063 de
1373 2991 1554 3064 conatibus
1569 2991 1641 3062 suis
1654 2991 1922 3086 irreparabiliter

512 3116 644 3188 excidit
657 3125 692 3186 et
706 3114 851 3207 turpiter
867 3113 1020 3207 perdidit
1034 3113 1131 3205 quod
1147 3113 1329 3208 expendit.
1341 3115 1463 3186 Comes
1479 3113 1572 3186 enim
1586 3115 1758 3187 Sabandie
1774 3115 1921 3190 dilectus

512 3237 625 3311 affinis
642 3248 677 3311 et
692 3234 805 3310 fidelis
820 3227 951 3327 nosier,
971 3255 1013 3308 ac
1032 3235 1153 3308 fideles
1172 3235 1231 3308 alii
1253 3257 1445 3331 perennem
1463 3237 1599 3332 imperii
1614 3237 1724 3310 nostri
1740 3238 1920 3312 victoriam

512 3361 780 3455 magnanimiter
793 3369 1038 3457 procurantes,
1053 3359 1220 3432 militibus
1236 3361 1319 3456 ipsis
1334 3383 1398 3456 per
1412 3361 1589 3454 angustias
1605 3369 1640 3434 et
1656 3373 1803 3454 angusta
1820 3384 1920 3435 mon·

513 3486 600 3558 tium
616 3485 761 3557 transire
776 3482 979 3580 parantibus
992 3504 1133 3555 omnem
1149 3505 1290 3579 prorsus
1310 3483 1445 3556 aditum
1460 3483 1497 3555 in
1512 3492 1719 3579 perpetuum
1739 3486 1921 3559 obstruxe-

513 3619 607 3682 runt.
625 3610 771 3681 Eramus
786 3609 904 3700 itaque
922 3606 1121 3701 compositis
1134 3607 1295 3680 omnibus
1311 3617 1346 3680 et
1359 3608 1464 3679 rebus
1480 3607 1746 3680 succedentibus
1761 3609 1862 3682 nobis
1875 3608 1922 3682 ad

511 3741 646 3821 votum,
664 3733 738 3824 jam
751 3730 796 3803 ad
810 3731 876 3803 iter
890 3729 1035 3802 accincti
1055 3759 1064 3800 ε
1083 3731 1178 3822 qnod
1196 3730 1373 3824 predictus
1391 3752 1509 3803 comes
1529 3731 1702 3804 Sabandie
1722 3741 1758 3804 et
1777 3732 1918 3827 Delphi·

512 3878 580 3928 nus
595 3876 711 3929 comes
725 3855 873 3942 Vienne,
889 3854 1036 3925 dilectus
1051 3854 1328 3946 consanguineus
1344 3864 1381 3926 et
1394 3853 1507 3926 fidelis
1521 3864 1653 3945 noster,
1669 3877 1711 3928 ac
1724 3853 1845 3928 fideles
1860 3854 1931 3927 atii·

504 3979 560 4072 ad
578 3979 686 4074 pedes
704 3987 841 4050 nostros
859 3976 980 4048 humili
1001 3975 1186 4050 devotione
1210 3977 1393 4071 prostrati,
1412 3999 1476 4072 per
1492 3987 1601 4048 terras
1624 3999 1705 4052 suas
1726 3979 1826 4050 nobis
1840 3999 1919 4073 per·

512 4111 748 4197 opportunum
765 4109 986 4194 paraverant,
1000 4109 1036 4172 et
1051 4099 1254 4172 necessariis
1267 4101 1431 4172 omnibus
1444 4099 1629 4173 effecerant
1640 4103 1831 4196 copiosum.
1843 4103 1920 4188 Quo

513 4247 593 4300 cum
613 4235 757 4320 repente
775 4225 948 4296 loctunam
968 4224 1149 4297 Cesaream
1170 4223 1323 4295 constitit
1339 4224 1563 4319 processisse,
1580 4246 1649 4317 que
1667 4245 1761 4298 nunc
1779 4225 1919 4298 demum

515 4349 692 4422 nobiscum
714 4347 896 4441 gloriosius
918 4347 1094 4440 provenit,
1116 4347 1212 4439 quod
1230 4347 1329 4418 nobis
1345 4369 1424 4418 cum
1440 4347 1553 4443 primo
1567 4347 1612 4420 de
1628 4348 1782 4441 qualibet
1798 4347 1919 4422 condi·

514 4470 607 4543 tione
623 4470 840 4544 contenderit
849 4466 914 4566 (a),
931 4491 968 4542 se
987 4469 1206 4566 processibus
1221 4469 1348 4543 nostris
1365 4471 1457 4544 circa
1470 4471 1605 4545 radices
1619 4469 1774 4567 Alpium,
1792 4471 1920 4570 inipso

556 4735 597 4816 (a)
619 4737 714 4798 maus
726 4741 792 4796 tum
804 4735 836 4794 ln
850 4735 1003 4811 impresso,
1021 4737 1087 4794 tum
1099 4735 1132 4792 ln
1146 4731 1296 4795 codlclbua
1308 4731 1458 4797 obscurus
