4352 5940
222 651 322 710 boren.
338 645 386 724 6.]
671 638 870 702 HISTORIA
893 630 1189 699 urruollttrrcll.

277 1313 505 1422 Fridericus,
526 1305 785 1399 Romanorum
809 1312 1029 1419 imperator,
1048 1333 1119 1418 pro
1145 1305 1263 1418 gratis
1290 1315 1328 1387 et
1353 1303 1514 1412 acceptis
1541 1327 1628 1384 ser-

221 1447 325 1531 vitiis
361 1447 575 1531 communis
608 1445 775 1556 Eugubii
810 1441 980 1525 fidelium
1017 1467 1200 1545 suorum,
1227 1439 1281 1521 eis
1307 1448 1476 1521 castrum
1516 1435 1632 1520 Collis
1757 1491 1802 1556 οἱ.

221 1581 407 1692 Pergulae
435 1607 525 1664 cum
552 1578 730 1663 omnibus
755 1575 988 1686 pertinentiis
1012 1573 1095 1684 ejus
1122 1573 1162 1655 in
1191 1582 1417 1681 perpetuum
1443 1569 1629 1654 concedit.

306 1820 423 1900 (lidldlt
434 1821 598 1896 Rarosnrr,
612 1815 696 1879 Delta
708 1834 790 1878 cccco
803 1815 834 1877 di
848 1813 957 1879 mulo
971 1812 1074 1876 adello
1089 1821 1164 1896 pecte
1182 1810 1226 1874 δι’
1242 1814 1330 1874 Coeli
1340 1831 1355 1874 e
1375 1809 1460 1873 dccli
1478 1809 1631 1886 d'llrbino,

347 1933 371 1988 t.
386 1927 413 2005 l,
429 1944 460 2004 p.
478 1935 547 2000 los,
562 1925 703 2003 append,
717 1933 751 1986 n⁰
766 1921 836 2003 Vl.)

272 2141 473 2230 liedericus,
490 2139 555 2212 Dei
574 2139 686 2232 gratia
699 2140 932 2211 Romanorum
949 2137 1136 2231 imperator
1152 2157 1289 2231 semper
1302 2145 1482 2229 augustus,
1494 2138 1632 2209 Jerusa-

222 2267 294 2338 lem
310 2275 347 2338 et
360 2265 476 2339 Sicilie
486 2263 797 2336 rex.Benemeritis
809 2263 968 2333 Cesaram
982 2259 1167 2356 providere
1181 2258 1341 2332 fidelibus
1358 2259 1421 2332 etsi
1434 2259 1544 2350 gratie
1558 2259 1633 2354 ple·

220 2390 348 2462 nitudo
373 2389 537 2480 suadeat,
563 2387 781 2460 servitiorum
808 2384 1067 2479 quodammodo
1084 2385 1259 2477 gratitudo
1279 2383 1471 2480 compellit,
1490 2393 1529 2455 ut
1550 2383 1633 2454 dum

220 2525 323 2608 grata
340 2512 497 2586 fidelium
512 2521 778 2584 remunerantur
794 2509 974 2603 obsequia,
992 2506 1077 2581 fiant
1093 2509 1192 2602 quasi
1210 2531 1273 2604 per
1293 2507 1450 2579 debitum
1467 2508 1631 2600 gratiora.

221 2635 289 2710 Per
302 2657 446 2734 presens
467 2636 583 2729 itaque
604 2635 770 2730 scriplum
784 2643 906 2706 notum
920 2631 995 2704 lieri
1008 2635 1170 2704 volumus
1184 2631 1356 2705 universis
1372 2631 1507 2727 imperii
1521 2630 1633 2705 fideli·

220 2761 291 2834 bus
308 2770 379 2832 tam
396 2760 615 2855 presentibus
629 2780 736 2852 quam
753 2757 878 2829 futuris
893 2757 989 2852 quod
1006 2778 1071 2828 nos
1091 2757 1311 2829 attendentes
1329 2754 1436 2828 fidem
1455 2778 1580 2852 puram
1600 2769 1635 2830 et

222 2884 448 2958 devotionem
465 2885 635 2956 sinceram
649 2905 754 2978 quam
769 2903 952 2954 commune
967 2881 1129 2976 Eugubii,
1142 2879 1263 2954 fideles
1278 2881 1401 2972 nostri,
1416 2901 1498 2974 erga
1512 2883 1636 2974 majes-

223 3009 305 3081 tatis
320 3019 438 3080 nostre
454 3029 639 3103 personam
652 3016 688 3078 et
700 3027 836 3078 sacrum
853 3004 1036 3102 imperium
1052 3003 1182 3077 babere
1200 3014 1406 3096 noscuntur,
1420 3006 1637 3078 consideran·

223 3141 278 3204 tes
293 3154 435 3227 quoque
452 3141 550 3225 grata
564 3141 600 3204 et
616 3140 762 3225 accepta
775 3129 914 3202 servitia
933 3151 1002 3222 que
1019 3129 1161 3201 culmini
1174 3139 1294 3201 nostro
1309 3129 1535 3224 prestiterunt
1551 3129 1635 3204 bac·

223 3267 328 3330 tenus
355 3266 392 3328 et
416 3256 588 3352 presentis
615 3253 820 3327 turbationis
845 3263 1000 3349 tempore
1025 3263 1180 3349 prestare
1204 3275 1275 3324 non
1299 3263 1436 3326 cessant
1458 3265 1493 3326 et
1520 3255 1635 3326 lacere

223 3390 392 3478 poterunt
405 3381 441 3452 in
458 3381 626 3471 luturum,
642 3389 795 3451 oestrum
810 3378 912 3450 Collis
927 3379 1073 3471 Pergule
1088 3378 1123 3450 in
1140 3376 1299 3450 districtu
1318 3377 1472 3450 existens
1484 3378 1635 3471 liugubii

224 3505 323 3600 quod
340 3526 434 3577 nnnc
450 3504 547 3575 curia
565 3515 681 3576 nostra
696 3511 803 3592 tenet,
820 3524 901 3574 cum
916 3501 1132 3592 bominibus,
1147 3502 1306 3595 justitiis,
1325 3502 1535 3593 rationibus,
1547 3503 1635 3595 juri·

224 3627 306 3718 bus,
312 3625 609 3720 jurisdictionibus
621 3635 657 3698 et
667 3625 829 3698 omnibus
841 3624 1059 3720 pertinentiis
1072 3626 1144 3697 suis
1159 3627 1273 3699 eidem
1287 3625 1463 3698 communi
1476 3624 1637 3698 fidelibus

225 3751 354 3824 nostris
369 3752 405 3822 in
422 3749 588 3824 fidelitate
601 3771 643 3822 ac
658 3749 843 3822 devotione
857 3758 974 3821 nostra
986 3759 1022 3822 et
1034 3749 1169 3844 imperii
1185 3750 1447 3845 persistentibus
1460 3749 1495 3821 in
1509 3771 1636 3846 perpe·

228 3880 341 3963 tuum,
358 3871 462 3943 salva·
475 3869 645 3966 imperiali
664 3869 812 3961 justitia,
830 3867 875 3942 de
895 3869 1007 3961 gratia
1029 3877 1147 3941 nostra
1170 3868 1334 3941 duximus
1356 3869 1636 3960 concedendum,

226 3994 325 4089 qnod
344 4015 366 4066 a
385 3994 487 4066 nobis
507 4004 543 4066 et
563 3993 709 4088 imperio
725 3992 926 4065 immediate
943 4002 1085 4064 teneant
1100 4003 1136 4064 et
1151 3992 1256 4064 etiarn
1274 4003 1540 4086 recognoscant,
1556 4015 1637 4089 pre·

227 4119 338 4191 sentis
349 4119 467 4214 scripti
482 4117 687 4190 auctoritate
699 4117 904 4189 mandantes
919 4126 1091 4209 quatenus
1104 4118 1221 4187 nullus
1237 4116 1324 4207 dux,
1335 4118 1452 4189 nullus
1467 4117 1635 4210 marchio,

226 4243 345 4314 nullus
364 4261 498 4332 comes,
521 4241 638 4312 nullus
661 4239 812 4312 vicarius
835 4261 897 4313 seu
925 4241 1145 4336 capitaneus,
1167 4240 1283 4312 nullus
1307 4249 1479 4335 potestas,
1502 4241 1637 4314 nullum

227 4386 428 4456 commune,
444 4365 541 4437 nulla
558 4363 711 4458 denique
729 4385 877 4460 persona
893 4364 964 4435 alta
980 4366 1036 4437 vel
1053 4365 1205 4454 humilis,
1221 4365 1519 4437 ecclesiasticavel
1534 4387 1637 4438 mun·

227 4487 335 4578 dana,
353 4497 475 4560 contra
488 4486 659 4584 presentis
673 4487 905 4560 concessionis
920 4496 1037 4560 nostre
1060 4497 1214 4560 tenorem
1233 4495 1362 4560 temere
1376 4488 1498 4561 venire
1514 4509 1638 4584 presu-

229 4619 318 4703 mat3
337 4611 434 4706 qnod
454 4611 514 4706 qni
534 4611 795 4707 presumpserit,
809 4619 926 4707 preter
940 4611 1214 4704 indignationem
1232 4613 1342 4684 nostri
1356 4611 1517 4684 culminis
1532 4635 1638 4707 quam

229 4755 268 4808 se
281 4735 420 4809 noverit
433 4737 665 4826 incursurum,
686 4744 827 4808 centum
843 4735 949 4809 libras
969 4736 1044 4809 auri
1064 4735 1236 4831 purissimi
1250 4757 1314 4832 pro
1330 4756 1421 4832 pena
1437 4748 1636 4834 componat,
