4306 5914
213 675 313 736 rme.
330 671 377 754 a]
633 666 855 776 'nrsrorua
877 667 1176 732 nrrnouarrca.
1562 657 1623 730 aaa

214 811 281 882 lem
299 831 364 906 pro
384 817 484 906 purte
506 818 542 881 et
564 807 706 880 nomine
722 807 932 882 venerabilis
951 805 1201 902 archiepiscopi
1218 803 1401 880 memorati
1423 813 1459 877 et
1478 803 1623 878 ecclesie

213 955 275 1005 sue
292 933 446 1027 predicte
466 932 533 1004 sub
550 930 717 1003 fidelitate
737 930 918 1005 ethonore
937 940 1057 1003 nostro
1072 928 1222 1002 fideliter
1240 929 1467 1021 custoditum3
1484 937 1520 1000 et
1542 928 1624 1022 quia

212 1057 304 1130 dicto
318 1057 483 1151 magistro
498 1055 650 1128 obeunte
667 1063 702 1128 et
716 1056 847 1130 malitia
862 1055 1026 1151 temporis
1042 1051 1156 1126 adhuc
1170 1052 1447 1150 perdurante,de
1461 1052 1624 1148 benepla-

212 1181 281 1254 cito
295 1191 415 1254 nostro
431 1181 598 1276 prooessit
612 1189 651 1252 ut
662 1190 814 1253 castrum
828 1181 959 1276 ipsum,
974 1179 1087 1252 donec
1102 1179 1193 1251 inter
1207 1199 1272 1250 nos
1286 1187 1322 1250 et
1334 1186 1488 1250 sanctam
1501 1179 1624 1250 Roma·

211 1327 293 1378 nam
308 1305 490 1378 ecclesiam
504 1313 652 1376 matrem
665 1314 820 1376 nostram
835 1326 906 1400 par
920 1313 955 1376 et
968 1303 1154 1376 concordia
1167 1303 1385 1392 reformetur,
1398 1323 1462 1397 pro
1474 1309 1574 1397 parte
1587 1311 1623 1374 et

211 1430 353 1503 nomine
381 1429 472 1502 dicte
498 1429 643 1501 ecclesie
666 1429 882 1502 Salernitana
906 1431 1003 1522 cujus
1030 1437 1084 1500 est
1106 1437 1141 1500 et
1155 1426 1404 1522 archiepiscopi
1419 1425 1620 1521 supradicti,
1649 1505 1652 1512 Ι

211 1577 291 1628 cum
308 1553 473 1651 expensis
491 1553 724 1626 mediocribus
744 1553 851 1649 ipsius
867 1553 1011 1626 ecclesie
1026 1575 1090 1649 per
1105 1552 1311 1624 castellanos
1329 1560 1364 1623 et
1382 1550 1571 1622 servientes
1586 1549 1623 1621 iu

211 1679 287 1775 ipso
306 1679 352 1751 de
371 1678 537 1752 mandato
558 1687 676 1750 nostro
693 1688 728 1751 et
743 1700 915 1752 consensu
932 1678 1014 1751 dicti
1030 1674 1278 1772 archiepiscopi
1298 1673 1479 1770 ponendos
1497 1673 1624 1746 debeat

210 1803 394 1894 custodiri,
414 1801 460 1874 ad
477 1802 764 1897 supplicationem
780 1802 904 1898 prefati
921 1801 1172 1898 archiepiscopi
1184 1822 1289 1894 quam
1306 1810 1449 1895 propter
1463 1821 1525 1871 sue
1540 1795 1623 1869 fidei

210 1927 398 2022 puritatem
414 1927 532 1999 favore
549 1937 668 1999 nostro
684 1935 719 1999 et
729 1926 952 2000 exauditione
962 1927 1122 1999 novimus
1137 1946 1213 1997 esso
1227 1924 1382 2016 dignam,
1397 1931 1432 1996 et
1446 1921 1492 1995 ad
1502 1943 1623 2018 perpe·

211 2061 309 2122 tuam
327 2052 499 2123 cautelam
515 2051 568 2122 sui
580 2061 614 2122 et
631 2049 775 2123 ecclesie
792 2072 854 2122 sue
871 2050 1039 2146 predicte,
1058 2045 1511 2143 statuimusutpropterhoc
1522 2047 1618 2118 nulla

210 2175 430 2272 prescriptio,
442 2175 576 2247 nullum
589 2174 830 2270 prejudicium,
848 2174 944 2247 nulla
960 2174 1050 2247 actio
1062 2175 1119 2246 vel
1138 2171 1300 2267 exceptio
1320 2180 1440 2244 contra
1456 2170 1570 2266 ipsum
1587 2179 1623 2243 et

210 2300 393 2373 ecclesiam
413 2322 512 2372 suam
530 2309 601 2372 tam
624 2321 729 2395 super
748 2298 959 2395 proprietate
984 2297 1126 2371 dominii
1150 2319 1255 2392 quam
1277 2317 1383 2390 super
1406 2295 1621 2391 possessione

209 2423 321 2521 ipsius
336 2425 453 2515 castri,
469 2425 710 2516 vassallorum,
730 2422 943 2515 reddituum,
961 2421 1217 2518 possessionum
1232 2427 1267 2492 et
1282 2418 1439 2492 omnium
1448 2419 1622 2492 bonomm

209 2549 437 2620 existentium
449 2549 485 2620 in
502 2549 577 2644 ipso
592 2557 746 2644 tempore
762 2547 879 2642 aliquo
892 2554 1089 2642 generetur.
1108 2545 1217 2617 lmmo
1231 2544 1392 2616 volumus
1410 2553 1445 2615 et
1459 2543 1622 2636 jubemus

208 2683 248 2746 ut
267 2675 385 2746 statim
404 2695 511 2768 quam
534 2673 624 2744 inter
638 2673 832 2768 predictam
847 2684 1002 2743 sanctam
1020 2672 1211 2743 Romanam
1227 2668 1408 2740 ecclesiam
1423 2677 1459 2740 et
1474 2689 1538 2740 nos
1551 2690 1623 2763 pax

210 2807 245 2870 et
254 2798 443 2871 concordia
453 2797 706 2870 lueritauotore
718 2797 1070 2886 Dominorelormata,
1085 2803 1235 2866 castrum
1246 2793 1361 2887 ipsum
1374 2814 1452 2865 oum
1461 2793 1622 2866 omnibus

209 2922 315 2994 bonis
328 2922 400 2995 suis
415 2921 460 2994 ad
475 2943 598 2993 manus
612 2931 647 2993 et
661 2930 867 3017 potestatem
880 2920 963 2993 dicti
978 2918 1226 3015 archiepiscopi
1239 2927 1274 2990 et
1286 2917 1430 3002 ecclesie
1442 2939 1504 2989 sue
1515 2917 1622 3011 gratis

210 3057 245 3120 et
260 3047 338 3118 sine
351 3047 463 3142 pretio
479 3048 534 3118 vel
554 3047 783 3119 conventione
798 3047 913 3140 aliqua
930 3067 993 3140 per
1007 3065 1072 3116 nos
1088 3043 1145 3115 vel
1162 3064 1226 3138 per
1242 3042 1390 3115 heredes
1407 3050 1544 3115 nostros
1559 3064 1621 3114 seu

210 3194 274 3266 per
289 3192 547 3267 quemcumque
559 3171 665 3242 alium
679 3171 896 3242 detentorem
910 3169 1017 3264 ipsius
1030 3169 1137 3240 libere
1150 3177 1185 3240 et
1198 3167 1272 3238 sine
1289 3166 1489 3239 difficultate
1504 3166 1621 3260 aliqua

210 3303 420 3386 revertatur,
435 3293 481 3367 ad
497 3295 662 3388 quamde
674 3294 754 3387 jure
768 3293 922 3367 noscitur
936 3293 1123 3389 pertinere.
1137 3292 1238 3365 Unde
1254 3291 1299 3363 ad
1316 3291 1516 3364 memoriam
1530 3292 1622 3363 futu·

211 3441 330 3492 rorum
348 3429 383 3491 et
395 3421 567 3490 cautelam
580 3419 724 3490 ecclesie
738 3418 934 3513 supradicte
948 3439 1092 3513 presens
1105 3417 1270 3511 scriptum
1282 3414 1357 3487 fieri
1367 3415 1532 3510 jussimus
1545 3437 1619 3489 ma·

208 3543 346 3636 jestatis
359 3553 475 3615 nostre
492 3543 604 3636 sigillo
620 3543 722 3616 solito
737 3543 935 3636 sigillatum.

259 3669 388 3740 natum
413 3666 506 3762 apua
538 3645 656 3740 casare
687 3667 803 3773 saner
836 3666 951 3741 uvasu
968 3664 1033 3764 (a),
1052 3685 1145 3740 anno
1165 3663 1301 3738 oomni
1326 3665 1373 3739 ιι.
1390 3665 1451 3739 cc.
1469 3657 1616 3754 xcviii,

212 3791 320 3866 XXIV
330 3791 425 3885 julii,
442 3790 630 3864 indictione
646 3791 713 3864 lll‘.

265 4345 506 4429 Innocentius
533 4370 632 4454 pape
652 4345 695 4428 G.
715 4344 844 4428 comiti
862 4346 910 4427 de
937 4343 1100 4454 Friburg
1126 4344 1394 4452 promissiones
1418 4370 1486 4454 per
1512 4345 1619 4428 Hen'·

213 4476 333 4559 ricum
350 4477 565 4585 llasponem
583 4478 780 4586 quondam
794 4476 867 4585 ipsi
879 4477 1016 4582 iactae,
1031 4476 1242 4586 specialiter
1255 4501 1369 4584 super
1382 4478 1619 4563 restitutione

214 4620 423 4694 castrorum
447 4609 711 4722 Nuwenhurg,
733 4609 943 4720 Offenhurg
960 4621 998 4694 et
1016 4611 1250 4721 Ortenberg,
1270 4611 1483 4696 confirmat.

256 4781 296 4865 (a)
316 4787 353 4847 ln
365 4786 450 4864 copta
462 4785 578 4866 legitur,
593 4785 644 4848 sed
661 4785 754 4862 mdc,
769 4785 872 4848 Sancti
886 4781 1025 4849 demae.

1675 4359 1794 4417 Lugdunl,

1684 4417 1712 4460 w
1722 4415 1785 4474 tulli.
