4300 5916
228 645 394 726 inumb]
677 639 877 706 HISTORIA
901 641 1196 706 utubottllulcll.
1577 641 1641 707 ⁸89

277 780 475 872 Gonredus,
493 779 566 854 divi
581 780 719 872 augusti
736 780 956 877 imperatoris
974 777 1138 852 Friderici
1160 775 1269 866 lilius,
1287 775 1351 848 Dei
1377 775 1487 868 gratia
1511 775 1636 850 Romn-

214 921 356 980 'norum
377 907 415 978 in
437 926 557 999 regem
588 905 737 996 electus,
769 926 908 1001 semper
928 913 1096 998 augustus
1121 911 1157 974 et
1181 901 1284 973 heres
1310 900 1408 994 regni
1429 901 1636 976 Jerusalem.

230 1031 363 1104 Terrore
387 1029 600 1126 presentium
623 1037 746 1102 notum
771 1029 916 1102 facimus
942 1027 1114 1100 universis
1136 1025 1232 1121 quod
1254 1045 1318 1098 nos
1335 1025 1382 1097 ob
1405 1027 1637 1099 reverentiam

229 1155 310 1227 lesu
324 1154 461 1244 curbo,
479 1152 651 1248 hospitale
671 1153 795 1226 Sancte
811 1153 918 1226 llario
934 1153 971 1223 in
992 1150 1240 1243 Nordelingen‚
1256 1149 1302 1221 ad
1316 1149 1486 1242 refugium
1499 1171 1635 1245 paupe·

229 1299 306 1352 mm
324 1279 530 1368 fundatum,
553 1278 599 1350 ab
623 1278 783 1350 omnibus
810 1277 993 1373 precariis,
1019 1275 1258 1348 exactionibus
1278 1283 1314 1346 ct
1337 1273 1549 1368 quibuslibet
1568 1298 1636 1371 pu·

228 1403 328 1475 blicis
346 1401 495 1476 servitiis
517 1402 613 1474 curie
638 1411 756 1474 nostre
780 1401 945 1473 duximus
966 1409 1135 1496 perpetuo
1161 1397 1403 1491 eximendum3
1428 1399 1635 1473 mandantes

228 1524 393 1598 ministris
413 1533 449 1597 et
465 1524 600 1598 civibus
615 1524 744 1597 nostris
760 1524 806 1598 de
821 1523 1055 1617 Nordelingen
1070 1534 1140 1594 tem
1155 1523 1373 1619 presentibus
1386 1544 1491 1616 quam
1509 1525 1634 1597 futuris

227 1657 399 1743 quatenns
423 1649 538 1721 nullus
564 1649 609 1721 sit
633 1649 693 1743 qui
718 1648 850 1722 dictum
877 1648 1045 1744 hospitale
1076 1648 1256 1721 occasione
1282 1649 1429 1740 alicujus
1457 1651 1632 1745 precario,

226 1781 348 1845 contra
365 1781 520 1845 tenorem
540 1772 713 1867 presentis
733 1773 843 1864 gratia
864 1783 982 1846 nostre
1003 1772 1136 1845 indulte
1152 1773 1235 1863 sibi,
1253 1771 1429 1868 offendere
1449 1772 1494 1845 de
1515 1785 1633 1848 cetero

227 1895 283 1967 vel
299 1895 486 1968 molestare
505 1906 684 1991 presumat
704 1922 713 1967 τ
735 1917 816 1969 nam
832 1893 908 1994 (sic)
927 1897 987 1992 qui
1005 1897 1254 1992 presumpserit
1270 1897 1540 1990 indignationem
1563 1899 1630 1970 im·

226 2019 392 2114 perialem
422 2028 457 2092 et
484 2030 640 2093 nostram
666 2043 704 2093 se
726 2021 865 2094 noverit
892 2021 1123 2093 incursurum.
1149 2021 1205 2094 Ad
1230 2021 1330 2114 cujus
1356 2021 1407 2092 rei
1427 2022 1629 2094 memoriam

227 2163 370 2238 presens
392 2145 557 2238 scriptum
581 2144 663 2217 inde
686 2142 762 2218 lieri
780 2155 817 2217 et
837 2145 948 2238 sigillo
970 2153 1087 2218 nostre
1110 2145 1324 2218 celsitudinis
1345 2145 1509 2238 jussimus
1530 2166 1630 2217 com-

225 2265 366 2338 muniri.

272 2391 399 2462 Datum
425 2389 520 2486 apud
549 2391 805 2486 Nordelingen,
839 2415 932 2467 anno
970 2391 1143 2467 dominice
1169 2393 1416 2466 incarnationis
1446 2392 1629 2467 millesimo

223 2513 462 2588 ducentesimo
484 2515 785 2611 quinquagesimo,
810 2539 929 2590 mense
953 2518 1080 2609 martii,
1106 2527 1230 2590 octava
1245 2517 1455 2591 indictionis.

440 2807 481 2816 -ι
487 2807 767 2818 nutu—om.
772 2811 785 2817 -ι
789 2810 891 2819 -σ
895 2811 931 2819 -u
935 2811 1080 2820 neuun-..-
1084 2811 1414 2823 *tunnam—n·-

1681 3155 1781 3198 rovill

140 3185 144 3194 ¹
222 3205 305 3288 miti
329 3207 378 3289 dc
401 3208 601 3318 Oettingen
633 3209 820 3293 civitatem
848 3237 959 3292 suam
984 3212 1032 3294 de
1056 3211 1289 3322 Nordlingen
1317 3214 1429 3300 titulo
1455 3217 1626 3328 pignoris
1707 3208 1774 3308 lli

223 3338 295 3422 sub
325 3350 427 3423 certo
457 3351 626 3451 tempore
656 3343 818 3452 obliget,
847 3370 917 3452 pro
946 3344 1105 3427 diversis
1137 3346 1318 3454 pecuniae
1347 3350 1509 3434 summis
1541 3363 1624 3435 lum

222 3471 366 3556 civibus
399 3474 644 3585 Retisponae,
675 3491 758 3560 tum
782 3477 982 3587 pincernae
1009 3478 1057 3560 de
1079 3477 1199 3589 Ering
1220 3490 1257 3562 et
1281 3481 1450 3591 depisem
1473 3487 1521 3568 de
1547 3485 1625 3570 lie-

221 3601 412 3714 cbenberg
427 3609 740 3716 excomputandis
757 3623 795 3692 ct
812 3609 1083 3717 persolvendis.

277 3073 488 3177 Comedus,
508 3073 768 3158 Romanorum
786 3076 826 3156 in
845 3103 973 3184 regem
992 3077 1153 3186 electus,
1173 3079 1370 3165 Ludewicc
1396 3083 1533 3165 seniori
1548 3109 1625 3196 ‚⁰0·
1665 3099 1819 3208 9¹²⁸⁸m¹⁸⁸m

302 3819 403 3898 (Edld.
418 3798 522 3896 buno,
537 3819 723 3886 Materialicu
734 3839 791 3884 zur
806 3821 1015 3906 oetttnqtcter
1031 3821 1207 3902 (indicite,
1228 3832 1252 3887 t.
1271 3825 1322 3902 11,
1341 3845 1372 3906 p.
1392 3837 1464 3908 281,
1479 3847 1518 3892 ex
1538 3836 1624 3910 copia

341 3926 489 4009 antiqua.)

268 4111 464 4207 conradus,
490 4115 563 4189 divi
586 4118 722 4210 augusti
740 4118 956 4214 imperatoris
975 4118 1139 4191 Friderici
1157 4117 1266 4212 lilius,
1285 4123 1347 4194 Dei
1365 4125 1476 4216 gratia
1495 4127 1622 4201 lloma·

219 4256 345 4309 norum
364 4236 402 4308 in
426 4259 545 4332 regem
567 4241 715 4330 electus,
742 4263 881 4337 semper
902 4253 1069 4333 augustus
1091 4253 1127 4315 et
1149 4242 1250 4316 heres
1274 4248 1372 4340 regni
1392 4237 1639 4325 iherusalem.¹

218 4361 284 4432 Per
311 4384 454 4457 presens
483 4364 650 4460 scriptum
673 4376 795 4438 notum
823 4367 1085 4438 essevolumus
1113 4367 1285 4440 universis
1312 4369 1473 4444 fidelibus
1497 4375 1624 4464 nostris

213 4469 314 4578 'quod
337 4506 401 4556 nos
418 4507 482 4580 pro
498 4489 599 4561 bonis
625 4491 749 4562 ablatis
769 4491 903 4564 civibus
923 4491 1232 4586 Ratisponensibus
1256 4514 1320 4588 per
1345 4495 1557 4570 Fridericum
1578 4479 1624 4572 de

216 4611 427 4685 Monescnelr
446 4613 585 4688 fidelem
607 4629 783 4707 nostrum,
801 4620 866 4689 sub
882 4628 1045 4713 pretextu
1067 4619 1262 4692 debitorum
1282 4643 1346 4716 pro
1362 4623 1490 4717 quibus
1505 4638 1625 4700 noster

217 4735 335 4807 extitit
349 4736 542 4838 fidejussor,
562 4740 628 4812 sub
641 4742 816 4814 conductu
839 4743 997 4817 Ludwici
1016 4742 1160 4816 senioris
1182 4745 1317 4818 comitis
1339 4746 1384 4820 de
1401 4749 1548 4843 Otingen
1567 4751 1622 4823 di·
