4310 5908
238 593 341 653 lsnrcr.
355 589 403 666 8.]
687 585 882 649 lllS'l'Olllll
907 586 1204 650 elrtolllltlct.
1591 586 1651 649 785

240 725 365 814 tionis,
385 721 523 818 imperii
539 721 672 794 domini
692 723 802 794 nostri
820 722 952 795 domini
970 723 1136 796 Friderici
1157 722 1221 796 Dei
1239 723 1351 816 gretia
1372 722 1653 794 excellentissimi

238 850 473 922 Romanorum
487 846 704 941 imperatoris
722 867 859 943 semper
873 848 1010 940 augusti
1021 869 1116 921 anno
1129 848 1315 935 tricesimo,
1332 857 1369 918 et
1381 846 1480 938 regni
1497 847 1652 938 ejusdem

239 969 460 1044 illustrissimi
475 969 568 1061 regis
579 970 770 1042 Jerusalem
784 991 878 1042 anno
895 969 1059 1043 vicesimo
1076 972 1211 1066 quinto,
1230 971 1328 1062 regni
1339 991 1423 1043 vero
1433 969 1546 1042 Sicilie
1559 989 1653 1042 anno

239 1095 527 1188 quinquagesimo
538 1093 692 1166 secundo
707 1093 868 1184 feliciter,
883 1116 998 1166 amen.
1015 1095 1105 1166 Dum
1124 1116 1188 1167 nos
1204 1094 1370 1166 vivaldus
1380 1095 1425 1166 de
1436 1095 1531 1166 Bona
1542 1093 1653 1166 Morte

238 1219 378 1312 bnjulus
394 1221 551 1292 Messene
565 1227 602 1290 et
615 1219 801 1313 subscripti
812 1218 949 1310 judices
965 1219 1113 1293 civitatis
1132 1219 1290 1311 ejusdem
1305 1219 1341 1288 in
1355 1218 1525 1312 imperiali
1539 1229 1654 1313 preto·

239 1344 291 1416 rio
307 1345 466 1416 Messene
484 1363 581 1416 more
599 1343 702 1416 solito
720 1342 853 1414 cunam
865 1365 1066 1436 tegeremus
1080 1364 1185 1438 super
1203 1342 1496 1436 conquerentibus
1513 1343 1653 1433 justicia

240 1466 482 1556 ministranda,
493 1457 651 1539 Terricus
660 1465 906 1559 Theotonicus,
916 1469 1039 1538 Petrus
1047 1465 1093 1540 de
1101 1467 1289 1554 Latinium,
1303 1451 1602 1538 iohannesdedla
1617 1476 1653 1540 et

238 1591 426 1664 Riccardus
437 1591 733 1683 Anglicuscontre
742 1592 963 1664 Gnillelmum
975 1593 1077 1687 Mayo
1091 1602 1125 1663 et
1132 1592 1271 1663 Petrum
1280 1591 1542 1664 Constantinum
1556 1592 1653 1663 libel·

241 1714 815 1788 lnmobtuleruntinhuncmodum
826 1715 1649 1808 :TerricusTheotonicus,PetrusdelatigniacO,

239 1839 469 1912 Jobunnesdc
482 1839 1175 1935 AlsetlliccardusAnglicns,peregrini,
1193 1861 1257 1936 pro
1264 1849 1345 1911 seet
1355 1847 1520 1934 tanquam
1529 1839 1652 1913 sindioi

240 1962 1652 2058 senactoresconstitutiabinlroscriptisperegrinisquorumnominasuntinlerius
1705 2050 1708 2063 Ι

239 2086 975 2182 annotate,proponuntcontraGuillelmum
983 2087 1652 2182 Mayoetl’etrumConstantinumdomi·

239 2211 694 2306 nosctparcionariosnavis
703 2209 984 2300 SanctiVictoris,
998 2211 1652 2306 dicentesquodpredictidomininavis

239 2357 303 2431 per
317 2357 356 2408 se
370 2344 407 2407 et
422 2357 485 2431 per
497 2336 584 2408 alios
597 2333 757 2408 dominos
770 2345 807 2407 et
820 2335 1058 2429 parcionarios
1074 2334 1166 2407 dicte
1182 2335 1303 2425 navis,
1316 2334 1435 2407 statuti
1451 2356 1515 2430 per
1530 2357 1590 2408 eos
1605 2335 1652 2408 ud

239 2457 317 2546 boc,
335 2458 540 2530 locaverunt
557 2456 607 2530 eis
622 2479 749 2531 navem
763 2456 954 2552 predictam
969 2468 1004 2529 et
1020 2477 1145 2553 operas
1162 2479 1283 2528 eorum
1302 2468 1475 2552 procerte
1488 2458 1651 2531 mercede

239 2583 275 2654 in
292 2583 552 2654 Turonensibus
567 2582 755 2656 constituta
768 2591 804 2654 et
816 2583 929 2654 solnta
947 2581 1036 2653 etin
1051 2582 1119 2653 aliu
1135 2582 1282 2677 pecunia
1302 2591 1467 2673 argentea
1477 2592 1513 2654 et
1522 2583 1648 2676 solute,

240 2715 280 2778 ut
303 2715 581 2801 transportarent
600 2726 660 2778 eos
677 2706 723 2777 ad
743 2715 860 2802 partes
879 2705 1123 2778 ultramarinas
1146 2727 1210 2801 pro
1231 2725 1351 2777 eorum
1373 2705 1651 2800 peregrinatione

240 2831 466 2926 complende;
484 2839 519 2903 et
536 2839 777 2902 convenerunt
796 2838 832 2901 et
853 2830 1087 2925 promiserunt
1106 2850 1170 2924 per
1190 2829 1444 2924 stipulationem
1460 2831 1651 2925 sollepnem

239 2966 378 3051 portare
399 2975 460 3027 eos
484 2954 520 3024 in
546 2953 640 3026 dicta
660 2954 742 3026 navi
765 2953 802 3024 in
819 2954 934 3046 viagio
952 2953 1177 3025 ultramarino
1197 2975 1308 3046 usqne
1324 2953 1370 3024 ad
1383 2954 1575 3026 Damiatam
1593 2955 1650 3027 vel

239 3079 451 3171 ubicumque
464 3077 556 3150 dicta
569 3077 669 3150 nevis
682 3077 733 3149 ire
751 3077 879 3173 poterit
893 3097 957 3173 per
974 3098 1070 3149 mare
1085 3086 1121 3149 et
1133 3087 1273 3171 portum
1287 3079 1417 3149 laceret
1432 3077 1468 3149 in
1487 3079 1651 3173 predictis

239 3203 396 3298 pertibus
407 3203 657 3292 ultramarinis,
671 3202 729 3275 vel
738 3202 798 3275 ubi
814 3212 906 3274 esset
914 3223 980 3274 ren
987 3201 1143 3275 Francie.
1158 3202 1259 3274 Unde
1275 3222 1354 3272 curn
1362 3199 1508 3296 predicti
1520 3203 1651 3276 domini

238 3327 338 3399 navis
350 3346 423 3398 unu
440 3347 520 3398 curn
537 3347 627 3399 neve
642 3325 796 3422 predicta
812 3325 946 3421 possint
962 3326 1096 3422 possint
1112 3322 1190 3422 (sic)
1203 3325 1253 3398 iro
1269 3325 1502 3420 quomomode
1518 3323 1595 3425 (sic)
1613 3329 1650 3401 in

240 3459 357 3546 pnrtes
368 3449 553 3546 predictas,
566 3450 730 3523 videlicet
741 3449 779 3522 in
788 3451 920 3540 Accon,
934 3460 971 3522 et
982 3459 1120 3544 portum
1133 3449 1264 3522 ibidem
1279 3450 1391 3522 lucere
1406 3459 1442 3522 et
1457 3451 1652 3546 specialiter

239 3595 318 3647 oum
335 3595 401 3646 rex
420 3573 562 3646 Francis
583 3574 627 3645 sit
645 3573 775 3647 ibidem
791 3583 831 3646 ut
847 3573 984 3670 publice
1010 3574 1149 3662 dicitur,
1171 3583 1296 3668 petunt
1316 3596 1381 3670 pro
1402 3595 1441 3646 se
1457 3585 1494 3648 et
1509 3577 1650 3650 nomine

241 3697 647 3794 quornmaguntserveri
658 3698 710 3770 eis
722 3696 842 3787 fldem,
858 3698 1138 3789 conventionem,
1152 3696 1417 3793 promissionem
1436 3709 1473 3771 et
1485 3701 1597 3794 legem
1614 3703 1650 3775 in

241 3823 364 3896 ecdem
383 3831 562 3896 contrecto
578 3821 771 3917 appositam
788 3822 980 3894 secundum
1000 3821 1096 3917 quod
1111 3820 1244 3894 dictum
1260 3831 1331 3913 est,
1356 3831 1392 3894 et
1414 3833 1651 3918 protestantur

241 3947 356 4042 dapne
378 3956 413 4019 et
438 3965 623 4041 expensas.
645 3945 794 4018 Nomina
809 3965 894 4018 vero
916 3946 1152 4041 predictorum
1173 3946 1435 4041 peregrinorum
1454 3960 1536 4020 sunt
1554 3948 1647 4023 hec:

240 4073 275 4144 in
303 4071 426 4168 primis
446 4067 609 4144 dominns
637 4069 858 4143 llarcuuldus
881 4091 1059 4166 suppanos
1081 4070 1126 4142 de
1150 4069 1292 4142 Boemia
1312 4091 1393 4142 cum
1415 4071 1553 4163 triginta
1585 4093 1651 4145 sex

241 4195 343 4269 sens
359 4196 448 4286 ms,
468 4191 633 4266 dominus
653 4193 886 4267 rueramus
901 4193 946 4266 us
962 4191 1186 4283 venturu,
1202 4192 1363 4266 dominus
1381 4193 1536 4267 orantus
1549 4197 1651 4270 nans
1773 4176 1781 4190 '

242 4329 276 4392 et
289 4319 374 4392 socii
389 4339 511 4391 corum
527 4328 622 4409 tres,
639 4317 817 4390 llocberus
830 4315 1007 4391 Solthetus
1023 4327 1058 4390 et
1071 4315 1163 4389 filius
1178 4318 1272 4409 ejus,
1288 4317 1450 4390 Elbertus
1463 4317 1508 4391 de
1523 4319 1650 4393 Heres-

242 4445 357 4536 senic,
376 4443 547 4517 ilenricus
568 4441 614 4516 de
635 4443 780 4534 Sterler,
802 4443 980 4516 Iohannes
992 4443 1037 4516 de
1052 4442 1170 4534 lllien,
1195 4441 1376 4534 Olisterus,
1397 4442 1505 4535 Friso,
1524 4444 1650 4519 ludeni

105 4597 106 4601 ¹
243 4567 323 4642 socii
338 4568 416 4658 sui,
441 4567 615 4641 Iohannes
637 4567 786 4663 Rapino,
808 4567 983 4641 Gererdus
1008 4567 1053 4639 de
1076 4566 1233 4680 Saciani,
1253 4566 1453 4639 leonardus
1476 4567 1521 4641 de
1542 4570 1651 4645 Ponte

242 4694 372 4784 bonni,
384 4693 556 4767 liebertus
571 4693 810 4785 Perutuecius,
822 4692 996 4765 lohannes
1010 4692 1247 4785 barbitonsor,
1263 4691 1460 4766 Gualterius
1473 4693 1520 4767 de
1530 4694 1650 4789 liechi,
