4364 5914
711 626 839 687 innan
861 625 1208 690 uocduuuuouum.
1605 639 1662 702 991

267 832 379 910 iate

254 939 390 1038 ''iffi''
446 958 590 1021 Veronae.
640 985 678 1004 ·-
698 951 903 1015 Gottoiredum
917 957 948 1013 et
966 951 1135 1014 Conradnm
1153 954 1189 1015 de
1202 945 1376 1020 1181881818
1392 966 1488 1023 certos
1501 959 1571 1022 iacit
1585 963 1666 1040 quod

678 1066 728 1110 eos
741 1048 822 1110 nuiio
834 1065 967 1126 unquam
983 1055 1113 1126 tempora
1129 1051 1266 1128 manabit
1279 1070 1367 1132 super
1382 1060 1565 1136 possessione
1577 1062 1665 1119 castri

678 1145 785 1222 Scipim
797 1145 877 1222 qnod
891 1145 1058 1206 Ludoricns
1071 1146 1109 1206 de
1121 1146 1228 1224 Sciphe
1240 1149 1350 1211 eisdem
1363 1170 1417 1230 pro
1430 1154 1553 1214 emenda
1567 1160 1598 1214 et
1611 1171 1663 1214 88-

678 1241 843 1302 tisiaetione
853 1239 1042 1302 contradidit.
1606 1258 1661 1310 861

270 1353 301 1404 i·
313 1359 382 1436 ⁸¹¹ss·
475 1343 563 1421 Apud
640 1371 680 1384 -
700 1339 839 1415 Magistro
857 1336 1005 1397 Friderico
1022 1336 1106 1397 iabro
1124 1340 1307 1416 imperatoris
1330 1345 1475 1418 promittit
1493 1345 1573 1421 quod
1591 1361 1666 1407 eus-

428 1441 603 1501 Taurinum.
678 1433 789 1495 todiam
808 1432 934 1493 forestae
953 1450 1023 1494 snae
1037 1433 1075 1494 de
1094 1433 1276 1512 fingimus,
1296 1439 1541 1518 quandocumque
1562 1459 1666 1504 vacare

679 1532 852 1608 contigerit,
875 1529 1010 1590 Dismaro
1030 1531 1163 1607 ejusdem
1187 1533 1327 1594 Friderici
1351 1538 1487 1615 priuigno
1509 1538 1667 1600 liberaliter

679 1629 853 1687 committet.
1608 1645 1666 1697 881

266 1737 386 1792 18888.
475 1728 564 1806 Apud
644 1757 680 1772 -
699 1726 908 1803 Exempiioues
923 1725 1051 1786 thelonei
1068 1732 1098 1787 et
1116 1729 1244 1805 passagss
1263 1728 1397 1790 abbatiae
1411 1728 1535 1792 Sanctae
1556 1733 1667 1794 Mariae

422 1825 613 1904 Nurembcrg.
679 1822 717 1883 de
729 1822 905 1900 Aitcnbcrg,
920 1827 1008 1901 Juxta
1021 1825 1172 1901 priviiegia
1185 1823 1281 1885 eidem
1292 1829 1450 1886 conventui
1464 1843 1482 1887 a
1495 1830 1667 1904 praeduces-

679 1921 796 1980 soribus
818 1921 879 1980 auis
900 1919 1031 1995 induita,
1055 1922 1272 1997 inpraesentia
1294 1923 1526 1984 consiliariorum
1545 1943 1667 1988 suorum

272 1989 383 2066 iaus
679 2015 846 2077 mnurmst.
1608 2030 1666 2084 aas

261 2097 394 2198 ’5818ιῖ
477 2114 564 2193 Apud
640 2144 681 2157 -
698 2113 808 2174 Notum
821 2111 893 2173 facit
910 2113 1019 2190 quibua
1035 2113 1252 2176 conditionibus
1271 2121 1416 2177 88818188
1435 2116 1597 2177 amicabilis
1611 2136 1668 2179 su-

455 2213 581 2290 spirem.
680 2212 846 2287 8888888811
862 2209 900 2269 88
921 2210 1067 2270 discordia
1087 2228 1165 2288 qnae
1186 2214 1263 2272 inter
1282 2215 1362 2274 cives
1383 2215 1619 2275 Wormacienses
1639 2221 1669 2276 ct

680 2305 848 2383 Phliippnm
864 2305 901 2366 de
913 2305 1081 2366 flohenveis
1094 2307 1254 2384 imperialis
1267 2309 1352 2369 88188
1366 2311 1557 2372 camerarium
1570 2318 1669 2371 verte·

679 2402 777 2478 batur,
792 2409 848 2461 etc.
1610 2415 1668 2470 888

258 2513 292 2564 ii
308 2511 392 2565 mart.
429 2503 611 2566 Scinasium.
640 2532 680 2545 —
700 2498 871 2559 Sacerdotes
883 2505 913 2558 ct
925 2497 1045 2559 ciericos
1057 2515 1159 2558 ornnes
1176 2501 1274 2576 quiin
1293 2500 1487 2561 celebratione
1500 2501 1668 2564 divinorum

680 2597 794 2658 civibus
807 2595 1071 2672 liadsponensibus
1086 2599 1222 2658 assistere
1235 2600 1393 2676 voluerint,
1408 2598 1463 2658 sub
1480 2600 1598 2676 88881811
1614 2617 1669 2661 888

680 2702 711 2755 et
723 2697 835 2772 imperii
850 2695 1026 2769 pmteciione
1040 2697 1155 2771 recipit.
1172 2702 1229 2756 cic.
1609 2707 1667 2760 868

269 2795 384 2874 888811.
453 2794 584 2858 (imund.
641 2821 683 2836 -
701 2789 750 2850 Ad
766 2790 1008 2865 supplicationem
1025 2789 1162 2850 Gerchlni
1176 2790 1213 2851 de
1229 2790 1328 2870 Sinzig
1340 2790 1490 2852 castellani
1507 2793 1538 2852 in
1551 2792 1667 2854 Lands·

681 2902 767 2959 eron,
788 2886 899 2947 litteras
919 2886 1038 2946 ilenrici
1061 2887 1210 2964 quondam
1232 2889 1432 2948 Romanorum
1451 2890 1528 2966 regis
1549 2888 1586 2948 dc
1600 2894 1669 2967 jure

680 2989 854 3061 patronatus
866 2986 899 3043 in
912 2983 1101 3062 Konigsieid‚
1116 2987 1248 3046 renovari
1262 2993 1291 3046 et
1305 2985 1424 3046 roecriiii
1431 2985 1527 3062 iubet.
1609 2997 1667 3050 888
1782 2985 1784 2992 '

281 3087 370 3147 maio.
475 3084 564 3162 Apud
643 3082 755 3142 -188
769 3080 941 3141 advocatiae
954 3082 986 3140 in
1003 3081 1189 3157 Wetphiuria
1206 3087 1236 3142 et
1252 3082 1487 3160 jurisdictionem
1502 3083 1532 3142 in
1553 3083 1668 3144 Hitten·

436 3183 600 3262 Fusiingen.
680 3178 755 3255 berg
771 3179 944 3238 auctoritate
959 3179 1107 3254 patrissui
1122 3184 1152 3238 et
1170 3195 1225 3240 suu
1237 3178 1371 3243 Conrado
1389 3185 1419 3239 ct
1432 3179 1615 3240 Widekindo
1631 3181 1670 3242 88

680 3273 847 3350 Merinbcrg
861 3273 1037 3349 possidenda
1049 3274 1193 3335 concedit.
1609 3285 1668 3337 818

283 3379 372 3439 maio.
476 3375 565 3452 Apud
643 3402 682 3417 -
701 3369 745 3430 De
762 3371 936 3429 auctoritaie
952 3376 981 3428 et
999 3370 1138 3430 mundato
1158 3371 1341 3446 imperatoris
1358 3372 1450 3447 patris
1473 3371 1534 3448 881,
1555 3370 1669 3432 civibus

431 3471 609 3548 iiotinburg.
680 3467 718 3528 de
731 3465 928 3527 Frankeniurt
940 3482 1057 3526 omnem
1071 3483 1181 3527 noxum
1194 3473 1224 3526 et
1237 3466 1382 3528 oiicusem
1396 3469 1519 3528 remittit
1532 3484 1622 3544 qnam
1636 3470 1668 3528 18

680 3565 798 3627 ceedem
812 3572 841 3625 ct
851 3567 1056 3625 exterminium
1068 3565 1247 3625 iudaeorum
1259 3565 1296 3624 88
1308 3564 1506 3625 Frankcniurt
1516 3565 1668 3644 negligen-

682 3669 727 3722 ter
740 3665 836 3739 potius
849 3679 940 3738 quam
953 3661 1118 3722 voluntarie
1130 3664 1311 3723 commisisse
1319 3661 1467 3722 videntur.
1610 3672 1668 3724 818

260 3765 394 3825 8118811.
475 3761 565 3838 Apud
642 3792 683 3804 -
702 3757 833 3818 Gerardo
854 3758 893 3818 88
915 3758 1027 3836 Sinizig
1046 3775 1100 3835 pro
1123 3761 1261 3835 expensis
1284 3761 1373 3818 castri
1393 3758 1578 3818 Lendscmne
1600 3775 1668 3819 cen·

455 3858 585 3920 Uinium.
681 3861 746 3916 tum
760 3871 874 3916 marcas
895 3857 1055 3931 8881811111,
1070 3871 1123 3930 888
1141 3856 1250 3932 quibus
1267 3871 1373 3915 census
1387 3870 1457 3916 euos
1477 3871 1569 3914 novos
1590 3856 1670 3916 nitra

682 3952 819 4012 Rhenum
846 3957 876 4010 ct
897 3967 1001 4011 nemus
1024 3967 1112 4012 suurn
1134 3951 1170 4012 de
1188 3951 1310 4012 iioeviic
1332 3951 1418 4010 tttuio
1441 3952 1571 4028 pignoris
1594 3949 1669 4010 obii·

682 4056 743 4128 888.
1610 4057 1664 4109 eri

271 4152 385 4227 818811.
469 4149 574 4210 Η81118.
642 4181 683 4192 -
702 4143 1669 4224 (1888888888818181888888818111888888881188888188118811

682 4261 737 4305 888
750 4250 868 4304 centum
882 4259 996 4303 marcas
1014 4243 1051 4304 de
1067 4244 1179 4304 dudeco
1200 4259 1288 4320 quam
1307 4248 1387 4302 tenet
1403 4244 1600 4319 captivatum.
1618 4258 1669 4302 es·

682 4340 798 4415 signare
811 4352 870 4396 non
886 4339 1013 4397 omittat.
1611 4343 1668 4396 818

293 4445 367 4518 sepi.
476 4438 565 4515 Apud
643 4468 684 4480 -
703 4435 834 4495 Censorii
848 4449 918 4494 8888
934 4433 1084 4494 Elisabeth
1095 4431 1172 4493 fliiae
1184 4432 1269 4493 ducis
1280 4432 1423 4494 Baveriee
1435 4448 1489 4509 pro
1503 4433 1670 4492 matutinali

432 4535 610 4616 Augustam.
682 4532 761 4592 dono
774 4531 854 4608 quod
872 4531 978 4591 dicitur
994 4529 1191 4608 Morgengab,
1210 4530 1301 4590 donat
1318 4535 1425 4589 terrum
1443 4545 1528 4589 suum
1547 4529 1584 4590 de
1603 4529 1671 4589 Μο-

684 4631 788 4705 ringen
806 4634 836 4687 et
850 4632 942 4686 totum
958 4633 1122 4686 contradam
1135 4642 1212 4703 quae
1229 4625 1337 4686 dicitur
1350 4625 1473 4686 Hibisch
1485 4641 1555 4686 cum
1568 4627 1671 4686 omni—

683 4725 740 4788 bus
752 4726 942 4802 pertinentiis.
1612 4730 1670 4782 818
