4300 5916
535 569 596 632 sao
663 659 669 674 „
1054 571 1239 636 coaaaur
1263 570 1414 648 curam
1748 571 1831 654 [aaa.
1849 571 1935 636 rara.

536 729 621 786 cam
646 729 716 813 pro
740 705 827 813 jure
848 705 1013 815 capellae
1045 731 1156 802 suae,
1185 706 1282 790 sicut
1303 717 1341 788 et
1367 704 1431 787 alii
1460 702 1729 813 archiepiscopi
1751 704 1937 814 principes

536 836 705 944 imperii,
730 838 875 923 solvere
891 849 1053 923 tenetur.
1850 833 1851 836 Ὺ

618 1049 783 1130 (Inedltum
792 1070 829 1114 ex
839 1052 951 1114 collect.
963 1051 1059 1132 Daoz,
1073 1051 1149 1114 Titr.
1163 1051 1199 1113 de
1210 1049 1310 1113 tamt.
1321 1048 1521 1125 dednoncon,
1538 1049 1610 1111 ibld.
1625 1055 1772 1128 utsupra,
1787 1047 1841 1111 iol.
1855 1049 1937 1130 445.)

584 1239 781 1328 Conradus,
806 1239 879 1311 divi
898 1241 1036 1332 augusti
1060 1240 1278 1335 imperatoris
1298 1239 1461 1312 Friderici
1484 1237 1595 1328 filius,
1612 1237 1675 1310 Dei
1689 1237 1938 1330 gratialloma·

537 1384 660 1434 norum
688 1364 724 1434 in
755 1384 872 1454 regem
897 1366 1046 1455 electus,
1068 1385 1210 1460 semper
1233 1374 1401 1458 augustus
1428 1373 1465 1436 et
1488 1364 1591 1436 ireres
1613 1362 1711 1455 regui
1731 1361 1937 1452 lemsalcm,

536 1485 707 1558 universis
731 1496 909 1581 presentes
928 1487 1058 1560 litteras
1074 1488 1289 1560 intuentibus
1308 1488 1442 1583 imperii
1457 1486 1618 1560 fidelibus
1632 1486 1778 1578 gratiam
1792 1505 1890 1556 suam
1905 1495 1940 1556 et

537 1611 801 1682 omnebonum.
833 1610 1044 1683 Constitutus
1064 1634 1179 1686 coram
1195 1611 1296 1684 nobis
1308 1613 1519 1700 Willelmus,
1544 1609 1752 1683 venerabilis
1770 1607 1939 1704 archiepi-

536 1754 662 1828 scopus
686 1735 952 1825 Bisuntinensis‚
970 1735 1117 1808 dilectus
1130 1737 1292 1830 princeps
1311 1746 1442 1824 noster,
1458 1757 1537 1806 cum
1550 1754 1573 1806 a
1584 1733 1684 1806 nobis
1700 1733 1937 1806 investituram

536 1857 703 1948 regalium
718 1858 922 1952 recepisset,
941 1859 1121 1953 proposuit
1137 1859 1233 1952 quod
1247 1880 1399 1931 marcam
1412 1857 1488 1930 auri
1505 1879 1569 1952 pm
1579 1858 1658 1950 jure
1671 1857 1805 1951 capelle
1822 1865 1937 1928 nosue

535 1982 672 2054 solvere
688 2003 759 2053 non
777 1982 933 2054 deberet.
955 1981 1040 2053 Cum
1054 1981 1160 2074 igitur
1177 1982 1269 2054 idem
1285 1981 1565 2077 archiepiscopus
1579 1980 1741 2076 princeps
1751 1979 1936 2074 sitimperii

536 2112 572 2175 et
590 2101 710 2175 civitas
732 2103 911 2176 Bisuutiua
929 2103 1127 2177 immediate
1152 2105 1198 2177 ad
1220 2105 1402 2200 imperium
1418 2104 1591 2201 pertinere
1605 2113 1780 2190 noscatur,
1798 2111 1935 2174 senten·

537 2227 658 2298 tiatum
673 2229 786 2299 extitit
801 2227 896 2323 quod
909 2229 983 2322 ipsc
1001 2229 1128 2300 dictam
1147 2229 1222 2300 auri
1245 2250 1418 2318 marcam,
1444 2228 1534 2300 sicut
1551 2237 1587 2300 et
1608 2227 1666 2299 alii
1690 2226 1935 2322 archiepiscopi

423 2347 430 2358 '
536 2349 731 2444 principes,
757 2372 819 2444 pro
837 2353 916 2444 jure
933 2353 1066 2447 capelle
1088 2361 1204 2424 nostre
1225 2353 1360 2424 solvere
1383 2361 1542 2425 terreatur
1561 2350 1724 2444 dictoque
1753 2349 1933 2444 capellaria

536 2482 654 2544 nostro
684 2473 773 2544 sicut
797 2473 918 2546 debuit
942 2475 1149 2547 satisfacere.
1178 2474 1234 2548 dd
1261 2475 1365 2567 hujus
1390 2476 1508 2569 itaque
1539 2474 1709 2546 sententie
1737 2474 1932 2546 memoriam

536 2608 713 2692 presentes
730 2599 861 2671 litteras
875 2598 949 2671 lieri
966 2601 1110 2672 lecimus
1124 2610 1160 2673 et
1170 2601 1271 2692 sigilli
1285 2600 1394 2672 nostri
1406 2602 1584 2672 karaclero
1597 2599 1765 2673 roborari.

582 2722 708 2794 Datum
724 2723 979 2813 Nurembercb‚
999 2725 1075 2797 XVI
1089 2725 1190 2814 maii,
1209 2725 1307 2796 tertie
1324 2723 1532 2796 indictionis.

1582 3003 1707 3014 ..η-..-

447 3322 480 3383 .·
590 3277 810 3382 Corradus,
838 3277 877 3358 in
912 3277 1172 3360 Romanorum
1204 3299 1334 3384 regem
1369 3274 1535 3382 electus,
1564 3276 1794 3385 emptionem
1820 3271 1934 3386 quam

534 3408 623 3491 fecit
640 3409 760 3493 abbas
778 3411 826 3490 de
849 3408 975 3492 Salem
994 3433 1083 3491 cum
1102 3407 1257 3490 Albertn
1280 3408 1329 3490 de
1346 3407 1614 3492 Plaffenhoven
1635 3408 1684 3491 de
1709 3407 1821 3492 bonis
1847 3408 1935 3518 qui-

535 3541 699 3625 busdam
717 3543 822 3650 apud
839 3540 1102 3625 Psallenhoven
1124 3541 1205 3624 sitis
1222 3551 1372 3650 gratam
1390 3540 1505 3624 habet
1521 3551 1560 3624 ct
1576 3541 1789 3625 coufirmat.

616 3755 738 3834 (laedit.
753 3771 791 3816 ex
806 3755 882 3816 libro
896 3757 1074 3833 privilegior.
1085 3761 1213 3815 monast.
1225 3751 1396 3814 Salamltaul
1410 3757 1441 3814 in
1455 3755 1574 3816 mchlvo
1583 3753 1802 3825 Knurmmst,
1817 3755 1876 3815 vol.
1894 3752 1932 3828 Il,

652 3862 704 3922 fol.
723 3861 786 3940 ³4.)

582 4051 778 4142 Conradus,
804 4021 876 4122 divi
894 4049 1031 4140 augusti
1053 4047 1269 4142 imperatoris
1291 4047 1451 4120 Friderici
1469 4046 1582 4139 lilius,
1608 4048 1672 4120 Dei
1686 4047 1798 4140 gratia
1810 4047 1933 4119 Roma·

534 4197 658 4248 uorum
678 4176 715 4245 in
736 4174 1017 4268 regemelectus,
1036 4193 1174 4266 semper
1186 4181 1353 4262 augustus
1371 4183 1407 4242 et
1421 4171 1523 4242 heres
1538 4171 1637 4263 regni
1654 4172 1856 4245 Jerusalem.
1874 4171 1937 4242 Per

533 4321 676 4395 presens
703 4297 868 4392 scriptum
892 4306 1013 4368 notum
1034 4296 1178 4367 facimus
1202 4293 1371 4366 universis
1388 4305 1423 4365 et
1438 4295 1577 4389 publice
1598 4305 1830 4391 protestamur
1842 4291 1935 4387 quod

534 4443 598 4493 nos
625 4421 835 4516 emptionem
857 4441 962 4513 quam
984 4417 1192 4490 venerabilis
1213 4417 1321 4527 ahhap
1342 4427 1377 4488 et
1398 4426 1590 4489 conventus
1606 4417 1650 4488 de
1667 4417 1802 4506 Salem,
1820 4415 1933 4489 dilecti

533 4543 655 4618 fideles
668 4545 793 4635 nostri,
814 4543 969 4615 lecerunt
985 4564 1064 4614 cum
1080 4541 1224 4614 Alberto
1240 4542 1284 4613 de
1297 4539 1542 4613 Pfaffenlroveu
1559 4540 1603 4613 de
1617 4540 1717 4612 bonis
1730 4537 1934 4634 quibusdam

534 4671 571 4741 iu
593 4668 836 4742 Pfaffenhoven
860 4668 951 4756 sitis,
983 4688 1051 4761 que
1071 4666 1166 4739 idem
1188 4649 1351 4738 Albertus
1370 4675 1490 4739 tenens
1507 4687 1528 4737 a
1546 4665 1647 4739 uobis
1666 4665 1703 4736 in
1723 4663 1830 4738 leudo
1843 4663 1934 4737 bona
