4310 5908
222 650 323 710 lanum.
339 641 386 720 9.]
675 641 872 705 utsroala
896 640 1191 705 olrtouartca
1576 643 1638 706 803

223 777 317 850 nerit
342 796 385 848 ac
406 775 499 848 idem
522 775 707 871 episcopus
728 777 872 871 perinde
893 778 1064 874 receperit
1086 773 1137 874 (o)
1162 775 1351 848 abeodem
1377 776 1543 870 Gregorio
1565 777 1636 853 duo

222 901 331 973 millia
359 909 573 990 tarenorum
600 910 638 971 et
663 902 879 994 questionem
901 902 1012 997 ipsam
1036 900 1206 973 remiserit
1228 911 1264 971 et
1276 901 1448 994 juraverit
1461 923 1498 973 se
1515 912 1636 975 contra

221 1025 334 1120 ipsam
350 1022 590 1097 remissionem
611 1023 807 1118 aliqualiter
822 1047 894 1098 non
912 1034 1113 1098 venturum.
1133 1024 1288 1118 Cumque
1307 1023 1483 1118 predictus
1500 1026 1635 1120 cpisco-

222 1170 289 1243 pus
305 1149 420 1220 casale
436 1147 631 1242 predictum
645 1149 838 1243 possideret
852 1159 891 1220 ut
904 1149 1036 1222 dictum
1052 1159 1119 1238 est,
1138 1147 1357 1240 suggerendo
1370 1148 1517 1244 principi
1529 1171 1635 1244 perse

222 1281 258 1344 et
271 1271 463 1367 capitulum
476 1271 652 1344 Pactensis
666 1273 812 1344 ecclesie
823 1273 918 1367 quod
925 1273 1040 1368 ipsum
1053 1273 1167 1344 casale
1181 1271 1228 1344 ad
1241 1273 1442 1344 Pactensem
1453 1273 1634 1344 ecclesiam

220 1395 426 1490 pertineret,
443 1395 663 1468 excambium
677 1397 743 1468 sibi
756 1396 832 1470 dari
841 1397 877 1468 in
887 1398 978 1469 valle
989 1397 1206 1468 Doemenum
1221 1393 1326 1493 (l)ab
1339 1396 1510 1490 imperiali
1521 1397 1636 1469 excel·

219 1523 329 1595 lentia
344 1521 533 1618 postulavit
547 1522 644 1615 qnod
660 1533 752 1596 esset
766 1523 833 1620 ipsi
855 1524 1001 1596 ecclesie
1015 1523 1155 1597 nomine
1174 1533 1210 1594 et
1225 1522 1359 1595 ratione
1375 1522 1578 1611 vicinitatis,
1600 1534 1636 1596 et

221 1646 337 1718 casale
359 1645 556 1741 predictum
586 1667 666 1718 cum
695 1657 786 1719 esset
808 1647 1045 1743 imperialibus
1069 1646 1200 1719 solatiis
1225 1647 1330 1739 utile,
1356 1647 1450 1719 idem
1472 1647 1636 1720 dominus

218 1770 387 1841 retineret
401 1769 436 1840 in
453 1791 577 1841 manus
586 1770 693 1843 curie.
712 1771 769 1844 Ad
782 1773 881 1864 cujus
898 1771 1167 1867 postulationem
1181 1779 1218 1841 et
1231 1770 1503 1863 suggestionem,
1520 1771 1633 1844 domi·

220 1915 288 1968 nus
302 1894 492 1989 imperator
506 1894 687 1968 mandavit
702 1917 766 1990 per
781 1917 862 1968 suas
877 1896 1009 1968 litteras
1024 1894 1165 1967 domino
1179 1895 1373 1988 Guglielmo
1386 1894 1523 1966 Villano
1535 1895 1634 1986 justi-

220 2018 323 2090 tiario
338 2027 375 2090 et
387 2017 538 2090 Jobanni
551 2020 601 2090 Pu
605 2072 981 2092 ..........
1009 2018 1199 2092 camerario
1218 2014 1266 2114 (b)
1280 2017 1445 2110 regionis,
1463 2028 1503 2090 ut
1518 2019 1633 2092 casale

220 2137 418 2238 predictum
441 2165 506 2237 pro
523 2152 623 2238 parte
640 2144 736 2215 curie
752 2143 922 2239 reciperet
939 2154 975 2216 et
1003 2142 1098 2216 idem
1117 2142 1328 2215 camerarius
1347 2143 1436 2216 illud
1452 2165 1515 2238 pro
1533 2153 1632 2238 parte

220 2266 317 2337 curie
338 2276 562 2361 procuraret,
586 2267 792 2339 inventurus
809 2268 924 2340 locum
944 2268 1051 2340 alium
1071 2268 1108 2337 in
1129 2268 1220 2340 velle
1242 2268 1459 2338 Doemenum
1479 2267 1540 2361 qui
1560 2288 1632 2339 non

220 2399 315 2463 esset
329 2390 460 2463 solatiis
473 2390 604 2462 domini
618 2391 728 2480 utilis,
743 2403 803 2464 aut
819 2403 1010 2464 castrorum
1027 2391 1276 2462 munitionibus
1289 2391 1495 2486 deputatus,
1512 2390 1549 2463 in
1561 2413 1633 2485 quo

220 2536 306 2609 ergo
326 2515 433 2586 casali
446 2514 602 2610 predicte
619 2516 764 2587 ecclesie
777 2517 813 2586 in
830 2516 1040 2611 competenti
1054 2515 1236 2587 excambio
1251 2515 1488 2610 providerent.
1508 2517 1631 2610 Aqui·

219 2641 285 2712 bus
300 2641 392 2711 lacta
412 2639 610 2733 provisione
621 2640 721 2730 juxta
737 2639 940 2714 mandatum
955 2640 992 2711 in
1011 2641 1087 2711 loco
1103 2638 1260 2734 predicto
1276 2659 1340 2734 pro
1356 2639 1475 2730 curia,
1491 2640 1633 2712 Pacten-

219 2764 266 2835 sis
294 2762 479 2858 episcopus
504 2764 645 2835 nomine
670 2763 779 2859 ipsius
794 2774 830 2836 et
853 2785 917 2859 pro
933 2773 1032 2859 parte
1053 2763 1198 2834 ecclesie
1224 2762 1421 2858 supradicte
1443 2762 1575 2856 recepit
1595 2762 1631 2833 in

221 2887 347 2960 eodem
370 2888 448 2959 loco
469 2909 533 2981 pro
553 2889 736 2960 excambio
757 2909 813 2959 res
827 2888 1049 2983 subscriptas.
1069 2887 1168 2960 Unde
1193 2886 1279 2982 petit
1295 2886 1408 2958 dictus
1428 2896 1633 2982 procurator

221 3010 379 3104 Gregorii
400 3011 556 3085 Mustacii
573 3034 637 3107 pro
653 3021 751 3108 parte
769 3012 877 3107 ipsius
891 3012 1142 3107 possessionem
1159 3012 1361 3084 earumdem
1380 3033 1578 3104 rerumque
1595 3011 1631 3081 in

219 3134 443 3208 excambium
452 3135 533 3208 date
547 3144 629 3206 sunt
640 3134 785 3207 ecclesie
795 3136 992 3230 supradicte
1009 3136 1211 3229 etpredicto
1224 3135 1400 3230 episcopo,
1416 3135 1543 3208 edicto
1555 3134 1630 3207 Cle·

220 3261 292 3334 rico
310 3259 357 3359 (c)
376 3271 600 3357 procuratore
618 3261 726 3355 ipsius
746 3261 897 3355 episcopi
911 3282 974 3355 pro
992 3272 1091 3356 parte
1108 3260 1266 3353 ejusdem
1283 3259 1349 3331 sibi
1367 3259 1519 3349 restitui,
1534 3261 1631 3332 salvo

114 3383 117 3391 ’
215 3386 297 3477 jure
316 3395 354 3457 et
356 3437 606 3457 .......
633 3385 701 3456 Res
721 3394 838 3456 autem
864 3395 945 3455 sunt
964 3383 1055 3456 hec:
1076 3385 1188 3456 casale
1206 3384 1361 3479 Synagre
1373 3405 1452 3455 cum
1469 3383 1631 3456 omnibus

217 3508 377 3600 iuribus,
392 3508 556 3600 justitiis,
578 3508 770 3580 rationibus
791 3519 826 3580 et
841 3507 1060 3603 pertinentiis
1078 3509 1149 3580 suis
1167 3518 1202 3580 et
1222 3529 1303 3603 pars
1317 3528 1500 3580 nemorum
1516 3507 1630 3579 Ficar-

219 3633 269 3705 rie
288 3660 298 3704 :
321 3632 408 3727 petit
428 3633 533 3704 etiam
555 3632 691 3704 restitui
707 3632 773 3703 sibi
798 3652 861 3727 pro
874 3641 971 3726 parte
989 3632 1071 3704 dicti
1087 3631 1240 3725 Gregorii
1254 3631 1412 3704 Mustacii
1427 3653 1449 3704 a
1466 3653 1631 3727 procura·

221 3765 295 3828 tore
319 3757 403 3830 dicti
421 3756 553 3829 domini
573 3756 727 3852 episcopi
748 3764 784 3827 et
805 3777 868 3851 pro
886 3766 984 3851 parte
1010 3756 1167 3848 ejusdem
1185 3755 1397 3851 subscriptas
1413 3777 1469 3828 res
1485 3756 1631 3828 mobiles

221 3902 308 3973 quas
327 3882 421 3955 idem
438 3881 600 3953 dominus
618 3880 802 3974 episcopus
819 3879 973 3976 percepit
994 3889 1028 3951 et
1043 3879 1183 3975 percepi
1199 3879 1280 3950 lecit
1293 3889 1371 3974 post
1386 3880 1512 3951 factam
1528 3879 1632 3951 desti·

222 4007 392 4080 tutionem
407 4005 554 4101 predicti
573 4004 696 4077 casalis
711 4005 836 4076 Sancte
852 4004 955 4076 Lucio
972 4014 1012 4077 nt
1025 4004 1155 4076 dictum
1169 4014 1221 4077 est
1232 4003 1277 4075 ab
1288 4003 1411 4075 eodem
1425 4003 1518 4092 loco,
1535 4001 1631 4072 vide-

261 4207 305 4287 (α)
327 4211 362 4270 ln
377 4211 519 4288 impresso
533 4206 688 4288 demeat,
707 4210 800 4288 male;
815 4211 935 4290 recepit,
951 4209 1038 4270 male.

261 4315 303 4398 (b)
324 4319 360 4378 In
376 4320 519 4394 impresso
531 4333 672 4395 camerae,
688 4321 787 4379 mtnus
802 4324 891 4378 recte.

261 4423 299 4504 (c)
326 4425 440 4486 Ibidem
453 4442 530 4499 cero,
546 4425 633 4487 maie.

258 4765 294 4838 μ)
312 4767 423 4840 rugari
438 4767 530 4842 ungo
543 4767 614 4826 vtro
626 4767 657 4823 er
672 4768 800 4826 nmmo.
