4318 5904
530 617 594 682 904
1082 617 1393 682 annltaltltrtull.

530 753 643 826 velint
662 775 704 826 ac
725 756 858 852 possint
878 777 915 828 sc
930 778 1068 828 murum
1084 778 1148 852 pro
1162 756 1268 828 domo
1281 755 1421 828 Domini
1435 777 1612 852 opponere
1627 775 1698 828 una
1714 754 1895 828 nobiscnm
1908 767 1944 830 et

533 877 677 968 uostris,
694 899 842 970 quornm
857 878 973 952 adhuc
984 879 1182 976 provisione
1196 878 1315 953 divina
1330 887 1401 952 uo'n
1416 878 1554 952 modica
1565 889 1723 974 superest
1737 881 1939 974 multitudo,

531 1002 568 1074 in
590 1002 801 1095 Huugariam
824 1003 925 1076 citius
947 1003 1181 1096 destinantcs;
1211 1003 1394 1100 presertim
1418 1024 1463 1075 nc
1488 1003 1629 1077 llumiue
1651 1004 1811 1078 Danubio
1830 1014 1940 1078 traus-

530 1127 659 1200 vadato
683 1148 747 1223 per
768 1128 864 1222 quod
887 1127 1042 1224 ipsorum
1069 1129 1252 1201 transitum
1268 1129 1635 1225 prepotensltominus
1647 1128 1818 1201 hactenus
1830 1129 1940 1226 impe·

530 1251 634 1343 divit,
668 1251 818 1324 nominis
852 1253 975 1326 Christi
1002 1254 1169 1326 memoria
1201 1262 1236 1325 et
1254 1262 1372 1326 nostre
1397 1274 1526 1326 corone
1547 1253 1676 1345 gloria,
1705 1274 1811 1347 quam
1826 1274 1890 1326 uos
1903 1263 1938 1326 et

528 1387 646 1472 patres
673 1375 781 1448 nostri
801 1375 846 1448 de
870 1375 1114 1453 benedictione
1145 1379 1300 1451 llomane
1325 1377 1479 1450 Ecclesia
1500 1377 1674 1450 tenuimus
1699 1386 1736 1449 et
1759 1387 1934 1470 tenemus,

528 1501 657 1574 amodo
673 1501 831 1574 deleatur
843 1497 911 1596 (c),
930 1509 966 1573 et
982 1501 1114 1574 eisdem
1132 1501 1189 1574 via
1204 1511 1323 1598 pateat
1337 1502 1480 1574 liberior
1492 1521 1556 1597 per
1569 1501 1725 1574 diversas
1740 1501 1937 1596 provincias

528 1626 686 1718 undique
711 1623 939 1698 discurrendi.
964 1625 1054 1697 Dicti
1077 1625 1250 1720 siquidem
1269 1608 1417 1699 nominis
1441 1625 1565 1699 Christi
1586 1625 1781 1720 blasphemi
1812 1626 1937 1699 nostris

530 1749 686 1824 terminis
709 1771 780 1822 non
803 1749 975 1841 conteuti,
1002 1759 1127 1844 parant
1150 1749 1267 1823 omnia
1294 1771 1402 1842 regna
1423 1749 1690 1826 christianorum
1712 1749 1811 1821 ferali
1829 1749 1936 1824 immo

528 1874 642 1947 luriali
655 1872 860 1947 crudelitate
871 1872 1037 1946 invadere
1053 1883 1089 1945 et
1102 1875 1266 1946 ccclesias
1282 1875 1346 1946 Dei
1361 1875 1577 1964 subvertere,
1595 1871 1624 1944 si
1640 1871 1811 1945 sinantur.
1822 1874 1935 1967 lioga-
1952 1949 1958 1970 ⁸

526 2021 606 2072 mus
639 1999 744 2091 igitur
774 2008 926 2070 vestram
951 1997 1169 2070 sanctitatem
1197 1999 1361 2094 quatinus
1385 1998 1481 2094 apud
1510 1999 1680 2088 Venetos,
1705 1997 1766 2091 qui
1794 2010 1936 2094 propter

525 2122 723 2196 balistarios
741 2121 842 2194 uobis
864 2120 1054 2215 plurimum
1078 2131 1194 2194 essent
1210 2122 1413 2214 necessarii,
1429 2121 1580 2194 maxime
1594 2122 1641 2196 ad
1654 2121 1836 2195 transitum
1851 2122 1934 2196 dicti

525 2245 677 2319 fluminis
693 2245 966 2336 observandum,
989 2254 1025 2318 et
1039 2267 1103 2341 per
1119 2246 1188 2318 alia
1201 2267 1309 2339 regne
1322 2245 1572 2334 catholicorum
1586 2245 1779 2341 principum
1796 2267 1934 2318 crucem

524 2369 697 2466 predicari
709 2369 893 2459 iacientes,
911 2369 1090 2442 sollicitius
1108 2369 1521 2464 eisdemsignificetishec
1533 2369 1607 2465 ipsa
1615 2370 1707 2441 mala
1719 2369 1933 2444 imminentia

524 2493 561 2565 iu
577 2492 803 2588 opprobrium
822 2491 972 2564 nominis
987 2492 1183 2584 christiani,
1200 2492 1426 2566 exhortantes
1448 2513 1490 2566 ac
1504 2494 1542 2564 in
1557 2492 1794 2566 remissionem
1812 2515 1933 2589 pecca·

523 2617 658 2689 minum
683 2616 904 2709 injungentes
928 2627 968 2687 ut
997 2616 1143 2709 quilibet
1156 2617 1366 2690 unanimiter
1381 2617 1559 2690 communi
1576 2616 1715 2688 utilitati
1731 2617 1886 2690 Ecclesia
1898 2627 1932 2690 et

523 2742 596 2816 suis
620 2740 770 2838 propriis
790 2741 938 2832 negotiis
964 2742 1205 2832 consulentes,
1221 2751 1399 2836 assumpto
1415 2742 1593 2815 salutifere
1606 2740 1718 2814 crucis
1732 2741 1927 2834 signaculo,

522 2887 635 2960 usquc
661 2866 707 2939 ad
732 2863 885 2936 medium
913 2864 1178 2957 quadragesime
1201 2886 1308 2937 mann
1333 2876 1468 2939 armata
1487 2867 1524 2937 in
1537 2865 1749 2960 Huugariam
1764 2866 1929 2940 accedam

521 3012 595 3063 non
613 2990 787 3062 omittant.
803 2989 990 3084 Speremus
1006 2989 1098 3061 enim
1110 2988 1267 3081 tirmiter,
1285 2990 1316 3062 si
1331 2989 1381 3063 sic
1395 3011 1500 3085 super
1515 2989 1693 3086 premissis
1706 2997 1822 3064 vestra
1836 3011 1931 3076 sanc·

524 3115 604 3186 titas
617 3111 786 3206 vigilarit,
807 3112 852 3185 de
878 3113 960 3207 ipsis
973 3113 1119 3208 paganis
1135 3115 1198 3186 Dei
1215 3113 1391 3206 adjutorio
1415 3113 1628 3209 triumphum
1643 3113 1787 3188 victorie
1810 3135 1929 3210 repor-

523 3246 611 3310 tare.
642 3235 699 3308 Ad
719 3235 804 3326 bec,
829 3236 994 3329 quoniam
1017 3237 1202 3309 carissimis
1228 3237 1355 3310 uostris
1384 3237 1549 3310 tratribus
1572 3237 1676 3310 etiam
1701 3238 1929 3332 quarumdam

522 3359 746 3432 ecclesiarum
769 3359 1024 3432 destructarum
1049 3360 1201 3452 negotia,
1218 3369 1254 3432 et
1266 3343 1469 3434 nomiuatim
1488 3360 1737 3454 Strigoneusis,
1755 3361 1929 3434 Coloensis

522 3494 559 3558 et
574 3483 780 3575 leunensis,
798 3492 912 3557 vestre
931 3484 1129 3579 paternitati
1146 3483 1334 3558 ‹lelcrenda
1349 3484 1605 3576 commisimus,
1634 3505 1797 3578 rogamus
1821 3495 1931 3558 atten-

522 3610 591 3684 tius
606 3608 769 3701 quatinus
784 3608 876 3703 ipsos
893 3608 929 3679 in
944 3609 1106 3682 omnibus
1122 3607 1309 3682 efficaciter
1325 3607 1516 3702 dignemini
1529 3607 1710 3682 exaudire.

570 3737 696 3808 Datum
712 3733 807 3829 apud
822 3734 988 3825 Chanma,
1005 3735 1095 3806 Xllll
1109 3733 1276 3808 kalendas
1291 3733 1468 3807 februarii.

330 4365 469 4476 „qqffn'
570 4347 771 4458 hannone,
791 4348 952 4459 Angliae
969 4374 1052 4456 rex,
1072 4347 1261 4432 Fridcrico
1278 4347 1539 4440 Romanorum
1557 4349 1776 4460 imperatori
1798 4349 1929 4433 scribit

307 4474 489 4582 adill'l‘w.
517 4489 556 4565 ct
583 4481 762 4566 omuibus
793 4491 928 4565 uotum
958 4481 1048 4607 lacit
1079 4506 1120 4565 se
1150 4481 1305 4566 Petrum
1336 4483 1384 4566 de
1413 4481 1623 4592 burdigala
1652 4491 1690 4566 et
1722 4481 1928 4567 Bartholo-

558 4717 599 4799 (ο)
621 4718 658 4779 ln
671 4721 755 4797 copla
769 4718 805 4781 L.
818 4719 856 4782 de
868 4719 975 4782 Barlte
986 4717 1131 4782 dchactw.
