4310 5908
515 602 575 666 812
1010 600 1225 663 intuuntur
1249 600 1422 664 SECUNDI
1729 606 1812 685 [bn.
1829 607 1914 672 19⁵0.

515 759 641 834 operas
657 747 692 809 et
711 738 864 808 culturas
878 757 958 808 suas
979 736 1191 808 moderantis
1211 737 1326 810 omnia
1341 737 1461 810 mortis
1481 738 1668 812 severitate
1684 742 1914 837 suspenderit,

514 883 637 957 pacem
654 872 769 933 tamen
783 869 818 932 et
828 861 996 952 justitiam
1008 882 1146 956 semper
1154 862 1293 934 excolat
1304 871 1338 932 et
1349 872 1512 956 operetur
1522 863 1557 933 in
1571 864 1683 937 vobis.
1699 865 1744 938 Et
1757 867 1807 939 sic
1822 877 1916 962 pater

514 987 636 1058 abesse
656 1007 726 1059 non
748 984 900 1057 creditur
915 985 1000 1057 dnm
1021 985 1139 1058 vivere
1159 994 1316 1080 speratur
1333 985 1370 1056 in
1385 983 1475 1078 filio,
1501 1007 1568 1058 nec
1583 987 1736 1060 ereditur
1752 1000 1823 1062 tam
1843 1011 1916 1086 pre-

515 1109 601 1183 tiosa
615 1109 791 1181 hereditas
812 1109 967 1181 amisisse
985 1119 1183 1203 patronum,
1205 1109 1288 1181 dnm
1312 1109 1387 1201 ejus
1400 1107 1543 1182 confidit
1557 1109 1712 1184 invenire
1728 1112 1917 1184 dominium

515 1243 713 1324 tamsuave,
731 1243 799 1304 tam
812 1233 986 1327 placidum
1003 1233 1038 1303 in
1053 1232 1198 1304 herede.
1211 1233 1320 1305 lmmo
1334 1232 1364 1304 si
1378 1235 1473 1306 saiva
1487 1233 1594 1327 putris
1608 1235 1919 1330 reverentialoqui·

513 1378 604 1447 mur,
625 1355 708 1428 satis
726 1367 891 1429 consueto
907 1356 1079 1430 salubrius
1101 1354 1223 1428 fideles
1238 1357 1366 1449 vestri,
1386 1357 1519 1430 scilicet
1534 1358 1726 1450 regnicule,
1744 1359 1918 1454 potissime

513 1488 655 1574 sperant
679 1481 745 1552 sub
761 1479 885 1552 umbra
902 1480 1008 1552 vestri
1024 1480 1167 1552 dominii
1188 1480 1323 1575 protegi
1345 1489 1381 1552 et
1398 1481 1464 1552 sub
1485 1490 1602 1554 vestro
1618 1481 1784 1574 regimine
1799 1485 1918 1557 conic-

513 1603 608 1694 veri,
632 1625 680 1675 ex
702 1625 745 1676 eo
762 1614 938 1676 sumentes
954 1605 1080 1676 efficax
1093 1615 1337 1697 argumentum
1356 1615 1396 1678 ut
1414 1605 1476 1700 qui
1491 1606 1600 1678 nostis
1621 1616 1784 1702 paternos
1804 1629 1917 1679 mores

513 1737 636 1798 nature
654 1729 884 1820 generositate
909 1729 1137 1822 portendere,
1156 1729 1332 1822 regnantis
1347 1728 1498 1802 officium
1512 1729 1609 1824 quod
1624 1739 1699 1802 etas
1715 1731 1752 1801 in
1767 1731 1869 1803 vobis
1883 1740 1919 1802 et

512 1859 636 1922 natura
652 1852 863 1943 consolidat,
883 1871 1005 1944 gerere
1020 1851 1134 1924 venus
1152 1851 1188 1922 tn
1205 1853 1352 1925 sumtus
1368 1863 1405 1924 a
1418 1833 1546 1926 eraut.
1566 1852 1768 1945 vestgium,
1789 1853 1916 1945 grono-

513 1975 645 2047 sissime
663 1974 826 2066 domine,
846 1976 944 2068 cujus
960 1975 1149 2047 adventum
1170 1975 1411 2048 universorum
1432 1985 1568 2049 mentes
1584 1985 1771 2071 expectant
1786 1987 1823 2048 et
1835 1987 1917 2050 vota

512 2101 707 2195 suspirant,
722 2100 773 2172 sic
790 2109 984 2172 vestrorum
1001 2099 1154 2172 fidelium
1176 2100 1476 2196 expectationibus
1493 2103 1680 2174 consulatis
1697 2111 1737 2174 ut
1753 2123 1832 2197 spes
1848 2123 1916 2194 qne

513 2225 694 2297 consuevit
709 2225 860 2298 animam
879 2226 958 2321 pius
978 2225 1095 2297 debito
1109 2226 1216 2298 ditata
1230 2235 1424 2317 conterere,
1440 2227 1534 2321 ipsos
1549 2225 1585 2298 in
1602 2236 1673 2298 tum
1686 2227 1802 2300 votiva
1819 2248 1914 2321 pres·

512 2347 678 2420 tolatione
704 2346 855 2436 reficiat,
881 2358 917 2420 ct
934 2357 1043 2420 status
1059 2347 1222 2445 pacificus
1236 2349 1335 2442 regui
1349 2349 1457 2422 vestri
1478 2349 1573 2443 quod
1595 2351 1783 2444 majestatis
1801 2361 1914 2422 vestre

512 2470 701 2565 presidium
715 2471 901 2544 affectuose
915 2472 1106 2565 desiderat,
1123 2494 1164 2544 en
1180 2483 1250 2544 tam
1261 2474 1351 2564 grati
1368 2472 1461 2565 regin
1474 2473 1650 2568 presentia
1667 2473 1866 2546 revirescat.

561 2591 689 2692 [Adest
706 2595 741 2666 in
758 2596 837 2668 eod.
863 2595 1070 2669 ornatissimi
1089 2596 1156 2666 viri
1179 2598 1221 2669 G.
1242 2597 1396 2686 Settimi,
1416 2597 1581 2692 principis
1595 2597 1754 2687 Fitaline,
1774 2598 1835 2670 iol.
1852 2594 1911 2688 61,

512 2719 606 2813 apud
621 2720 843 2810 Pnnormum‚
859 2719 969 2792 altera
985 2718 1029 2792 de
1046 2719 1169 2792 eodem
1187 2731 1392 2814 argumento
1408 2721 1552 2815 epistola
1573 2744 1653 2793 cum
1669 2721 1736 2793 bac
1752 2721 1910 2792 rubrica:

511 2845 704 2936 Monsredus
720 2845 848 2916 domini
859 2847 996 2939 auperti
1012 2846 1221 2938 imperatoris
1237 2843 1451 2940 filiucscsibt't
1460 2843 1586 2939 populo
1599 2843 1915 2924 Pauormidemorte

508 2969 652 3060 predicti
668 2970 880 3064 imperatoris
897 2970 1009 3063 patris
1028 2971 1096 3041 sui.
1116 2969 1240 3065 Incipit
1258 2998 1267 3041 ε
1284 2969 1357 3040 nui
1371 2969 1478 3061 primi
1491 2967 1646 3063 pareretis
1662 2969 1834 3054 meuserit,
1851 2978 1910 3040 etc.

515 3143 725 3163 ......
752 3093 904 3187 Explicit
923 3122 932 3165 :
952 3095 1040 3164 Doto
1055 3095 1178 3188 Fopt'e,
1196 3088 1278 3190 etc]

716 3367 907 3376 ..ι--υ--ι
1428 3361 1701 3372 -.unu—*-

333 3631 478 3691 misse
566 3623 652 3706 Allo
678 3627 697 3704 1
724 3621 763 3704 di
784 3621 1001 3726 decembre,
1029 3619 1144 3730 quelli
1165 3619 1235 3704 che
1263 3644 1420 3730 passuro
1448 3645 1517 3729 per
1540 3619 1743 3703 Juvenazno
1768 3617 1912 3701 diesem

513 3759 582 3840 che
597 3754 857 3864 l’imperatore
874 3764 933 3836 ste
951 3752 1174 3835 malissimo.

566 3888 641 3971 Alli
660 3891 685 3970 9
705 3888 738 3970 si
758 3913 888 3996 sparse
905 3885 1008 3968 ieme
1024 3886 1094 3969 che
1111 3912 1175 3968 era
1191 3885 1272 3968 iore
1289 3885 1329 3967 di
1348 3883 1524 3994 periculo.

565 4021 640 4102 Alli
664 4025 714 4101 15
736 4021 806 4102 che
826 4019 864 4101 fo
886 4019 925 4102 lo
952 4021 992 4101 di
1014 4019 1053 4099 di
1081 4018 1198 4102 Senta
1215 4019 1352 4126 Lucia,
1376 4017 1517 4124 morib,
1542 4042 1564 4099 e
1585 4015 1625 4097 le
1649 4041 1734 4098 sera
1757 4015 1911 4096 innante

511 4177 600 4236 area
618 4152 812 4261 mangiato
830 4161 930 4234 certe
947 4177 1038 4259 pera
1054 4177 1125 4234 oon
1153 4151 1193 4234 lo
1217 4176 1395 4258 nuceam,
1415 4161 1453 4234 et
1470 4150 1572 4233 disse
1596 4147 1666 4232 obe
1690 4147 1729 4229 le
1751 4147 1911 4230 mattine

509 4284 679 4365 venando
698 4309 739 4366 se
751 4283 860 4368 volae
875 4283 1000 4365 levare
1006 4343 1084 4365 .....

564 4413 639 4494 Alli
666 4419 714 4498 16
739 4416 779 4495 di
803 4413 1001 4496 decembre
1028 4413 1102 4496 ulle
1118 4417 1168 4496 nt
1193 4440 1259 4497 ore
1280 4417 1302 4497 d
1325 4424 1464 4498 venua
1489 4413 1621 4496 lettere
1640 4411 1693 4494 da
1716 4409 1910 4515 Maniredo

510 4545 685 4652 prencipe
703 4545 741 4627 di
761 4546 940 4652 Tonante,
968 4545 1038 4628 che
1062 4571 1109 4628 ve
1133 4545 1315 4629 evisando
1336 4547 1374 4628 le
1396 4557 1498 4628 terre
1522 4546 1574 4627 da
1591 4568 1704 4654 passo
1732 4543 1772 4626 in
1797 4565 1910 4652 passo

512 4671 613 4754 della
633 4687 752 4758 morte
777 4677 879 4760 dello
896 4677 1014 4785 padre
1018 4737 1098 4760 .....
