<?xml version="1.0" encoding="UTF-8"?>
<!DOCTYPE html PUBLIC "-//W3C//DTD XHTML 1.0 Transitional//EN"
    "http://www.w3.org/TR/xhtml1/DTD/xhtml1-transitional.dtd">
<html xmlns="http://www.w3.org/1999/xhtml" xml:lang="en" lang="en">
 <head>
  <title>
</title>
<meta http-equiv="Content-Type" content="text/html;charset=utf-8" />
  <meta name='ocr-system' content='tesseract 3.04.00' />
  <meta name='ocr-capabilities' content='ocr_page ocr_carea ocr_par ocr_line ocrx_word'/>
</head>
<body>
  <div class='ocr_page' id='page_1' title='image "./historiadiploma00fredgoog/historiadiploma00fredgoog_0344.png"; bbox 0 0 4300 5916; ppageno 0'>
   <div class='ocr_carea' id='block_1_1' title="bbox 235 613 1646 699">
    <p class='ocr_par' dir='ltr' id='par_1_1' title="bbox 235 613 1646 699">
     <span class='ocr_line' id='line_1_1' title="bbox 235 613 1646 699; baseline -0.002 -17"><span class='ocrx_word' id='word_1_1' title='bbox 235 617 401 699; x_wconf 65' lang='grc'><strong>1111111]</strong></span> <span class='ocrx_word' id='word_1_2' title='bbox 679 613 877 679; x_wconf 75' lang='grc'><strong>1118101111</strong></span> <span class='ocrx_word' id='word_1_3' title='bbox 900 614 1197 679; x_wconf 79' lang='lat' dir='ltr'><strong>ntrnotttrrct.</strong></span> <span class='ocrx_word' id='word_1_4' title='bbox 1582 615 1646 679; x_wconf 78' lang='lat'><strong>883</strong></span> 
     </span>
    </p>
   </div>
   <div class='ocr_carea' id='block_1_2' title="bbox 319 775 1647 1070">
    <p class='ocr_par' dir='ltr' id='par_1_2' title="bbox 319 775 1647 1070">
     <span class='ocr_line' id='line_1_2' title="bbox 319 775 1647 860; baseline -0.002 -18"><span class='ocrx_word' id='word_1_5' title='bbox 319 779 497 860; x_wconf 70' lang='lat' dir='ltr'><strong>(mediter</strong></span> <span class='ocrx_word' id='word_1_6' title='bbox 509 775 641 856; x_wconf 79' lang='lat' dir='ltr'><strong>quodm</strong></span> <span class='ocrx_word' id='word_1_7' title='bbox 656 776 1248 858; x_wconf 67' lang='grc' dir='ltr'><strong>11111111111111.1111111111111111111,Ι</strong></span> <span class='ocrx_word' id='word_1_8' title='bbox 1261 781 1346 857; x_wconf 78' lang='lat' dir='ltr'><strong>cujus</strong></span> <span class='ocrx_word' id='word_1_9' title='bbox 1357 779 1473 856; x_wconf 79' lang='lat' dir='ltr'><strong>coptam</strong></span> <span class='ocrx_word' id='word_1_10' title='bbox 1483 777 1647 841; x_wconf 76' lang='grc'><strong>1111111111</strong></span> 
     </span>
     <span class='ocr_line' id='line_1_3' title="bbox 356 882 1647 964; baseline 0.001 -18"><span class='ocrx_word' id='word_1_11' title='bbox 356 885 427 947; x_wconf 77' lang='lat' dir='ltr'><strong>lectt</strong></span> <span class='ocrx_word' id='word_1_12' title='bbox 451 882 629 946; x_wconf 78' lang='lat' dir='ltr'><strong>mrerondue</strong></span> <span class='ocrx_word' id='word_1_13' title='bbox 653 885 701 944; x_wconf 82' lang='grc'><strong>111</strong></span> <span class='ocrx_word' id='word_1_14' title='bbox 728 883 881 946; x_wconf 75' lang='lat' dir='ltr'><strong>Lehmann</strong></span> <span class='ocrx_word' id='word_1_15' title='bbox 907 884 987 962; x_wconf 85' lang='lat' dir='ltr'><strong>opud</strong></span> <span class='ocrx_word' id='word_1_16' title='bbox 1010 885 1160 946; x_wconf 81' lang='lat' dir='ltr'><strong>Nessdori</strong></span> <span class='ocrx_word' id='word_1_17' title='bbox 1171 887 1259 964; x_wconf 79' lang='lat' dir='ltr'><strong>Juxta</strong></span> <span class='ocrx_word' id='word_1_18' title='bbox 1280 883 1423 964; x_wconf 80' lang='lat' dir='ltr'><strong>Lendou,</strong></span> <span class='ocrx_word' id='word_1_19' title='bbox 1445 889 1476 946; x_wconf 88' lang='lat' dir='ltr'><strong>et</strong></span> <span class='ocrx_word' id='word_1_20' title='bbox 1495 901 1562 947; x_wconf 86' lang='lat' dir='ltr'><strong>eom</strong></span> <span class='ocrx_word' id='word_1_21' title='bbox 1582 888 1647 964; x_wconf 87' lang='lat' dir='ltr'><strong>lpse</strong></span> 
     </span>
     <span class='ocr_line' id='line_1_4' title="bbox 356 987 1141 1070; baseline -0.001 -17"><span class='ocrx_word' id='word_1_22' title='bbox 356 987 537 1053; x_wconf 81' lang='lat' dir='ltr'><strong>Boelrmerns</strong></span> <span class='ocrx_word' id='word_1_23' title='bbox 549 989 701 1051; x_wconf 86' lang='lat' dir='ltr'><strong>nolrtseum</strong></span> <span class='ocrx_word' id='word_1_24' title='bbox 715 989 874 1052; x_wconf 71' lang='lat' dir='ltr'><strong>liberanter</strong></span> <span class='ocrx_word' id='word_1_25' title='bbox 886 991 1141 1070; x_wconf 74' lang='lat' dir='ltr'><strong>communicavit.)</strong></span> 
     </span>
    </p>
   </div>
   <div class='ocr_carea' id='block_1_3' title="bbox 209 1174 1647 1644">
    <p class='ocr_par' dir='ltr' id='par_1_3' title="bbox 209 1174 1647 1644">
     <span class='ocr_line' id='line_1_5' title="bbox 209 1174 1645 1270; baseline -0.001 -20"><span class='ocrx_word' id='word_1_26' title='bbox 209 1253 214 1262; x_wconf 75' lang='grc'>,</span> <span class='ocrx_word' id='word_1_27' title='bbox 286 1176 484 1267; x_wconf 81' lang='lat' dir='ltr'><strong>cunradus,</strong></span> <span class='ocrx_word' id='word_1_28' title='bbox 501 1174 574 1249; x_wconf 89' lang='lat' dir='ltr'><strong>divi</strong></span> <span class='ocrx_word' id='word_1_29' title='bbox 596 1175 734 1268; x_wconf 80' lang='lat' dir='ltr'><strong>angusti</strong></span> <span class='ocrx_word' id='word_1_30' title='bbox 755 1176 972 1270; x_wconf 89' lang='lat' dir='ltr'><strong>imperatoris</strong></span> <span class='ocrx_word' id='word_1_31' title='bbox 995 1175 1104 1268; x_wconf 90' lang='lat' dir='ltr'><strong>lilius,</strong></span> <span class='ocrx_word' id='word_1_32' title='bbox 1130 1176 1195 1250; x_wconf 85' lang='lat' dir='ltr'><strong>Dei</strong></span> <span class='ocrx_word' id='word_1_33' title='bbox 1217 1177 1327 1270; x_wconf 76' lang='lat' dir='ltr'><strong>gratia</strong></span> <span class='ocrx_word' id='word_1_34' title='bbox 1360 1178 1592 1251; x_wconf 89' lang='lat' dir='ltr'><strong>Romanorum</strong></span> <span class='ocrx_word' id='word_1_35' title='bbox 1607 1179 1645 1249; x_wconf 91' lang='lat' dir='ltr'><strong>in</strong></span> 
     </span>
     <span class='ocr_line' id='line_1_6' title="bbox 236 1299 1646 1396; baseline 0.001 -24"><span class='ocrx_word' id='word_1_36' title='bbox 236 1321 358 1395; x_wconf 80' lang='lat' dir='ltr'><strong>regem</strong></span> <span class='ocrx_word' id='word_1_37' title='bbox 380 1301 530 1390; x_wconf 90' lang='lat' dir='ltr'><strong>electus,</strong></span> <span class='ocrx_word' id='word_1_38' title='bbox 552 1320 690 1396; x_wconf 84' lang='lat' dir='ltr'><strong>semper</strong></span> <span class='ocrx_word' id='word_1_39' title='bbox 712 1309 880 1392; x_wconf 81' lang='lat' dir='ltr'><strong>angustus</strong></span> <span class='ocrx_word' id='word_1_40' title='bbox 900 1308 935 1372; x_wconf 90' lang='lat' dir='ltr'><strong>et</strong></span> <span class='ocrx_word' id='word_1_41' title='bbox 960 1299 1063 1372; x_wconf 87' lang='lat' dir='ltr'><strong>heres</strong></span> <span class='ocrx_word' id='word_1_42' title='bbox 1084 1301 1182 1393; x_wconf 79' lang='lat' dir='ltr'><strong>regni</strong></span> <span class='ocrx_word' id='word_1_43' title='bbox 1201 1301 1402 1374; x_wconf 86' lang='lat' dir='ltr'><strong>Jerusalem.</strong></span> <span class='ocrx_word' id='word_1_44' title='bbox 1418 1302 1549 1372; x_wconf 86' lang='lat' dir='ltr'><strong>Tenere</strong></span> <span class='ocrx_word' id='word_1_45' title='bbox 1563 1321 1646 1396; x_wconf 89' lang='lat' dir='ltr'><strong>pre·</strong></span> 
     </span>
     <span class='ocr_line' id='line_1_7' title="bbox 237 1421 1647 1518; baseline 0 -22"><span class='ocrx_word' id='word_1_46' title='bbox 237 1424 395 1497; x_wconf 81' lang='lat' dir='ltr'><strong>sensium</strong></span> <span class='ocrx_word' id='word_1_47' title='bbox 423 1431 545 1496; x_wconf 92' lang='lat' dir='ltr'><strong>notum</strong></span> <span class='ocrx_word' id='word_1_48' title='bbox 568 1421 713 1494; x_wconf 87' lang='lat' dir='ltr'><strong>iacimus</strong></span> <span class='ocrx_word' id='word_1_49' title='bbox 741 1421 913 1495; x_wconf 89' lang='lat' dir='ltr'><strong>universis</strong></span> <span class='ocrx_word' id='word_1_50' title='bbox 943 1423 1039 1517; x_wconf 90' lang='lat' dir='ltr'><strong>qnod</strong></span> <span class='ocrx_word' id='word_1_51' title='bbox 1062 1445 1146 1514; x_wconf 92' lang='lat' dir='ltr'><strong>nos,</strong></span> <span class='ocrx_word' id='word_1_52' title='bbox 1164 1422 1209 1496; x_wconf 92' lang='lat' dir='ltr'><strong>ad</strong></span> <span class='ocrx_word' id='word_1_53' title='bbox 1227 1425 1371 1496; x_wconf 91' lang='lat' dir='ltr'><strong>multam</strong></span> <span class='ocrx_word' id='word_1_54' title='bbox 1387 1422 1647 1518; x_wconf 78' lang='lat' dir='ltr'><strong>supplicationis</strong></span> 
     </span>
     <span class='ocr_line' id='line_1_8' title="bbox 237 1543 1644 1644; baseline -0.001 -24"><span class='ocrx_word' id='word_1_55' title='bbox 237 1547 436 1621; x_wconf 78' lang='lat' dir='ltr'><strong>instantiam</strong></span> <span class='ocrx_word' id='word_1_56' title='bbox 459 1545 515 1619; x_wconf 88' lang='lat' dir='ltr'><strong>Fr.</strong></span> <span class='ocrx_word' id='word_1_57' title='bbox 541 1547 675 1618; x_wconf 91' lang='lat' dir='ltr'><strong>comitis</strong></span> <span class='ocrx_word' id='word_1_58' title='bbox 696 1546 740 1619; x_wconf 90' lang='lat' dir='ltr'><strong>de</strong></span> <span class='ocrx_word' id='word_1_59' title='bbox 763 1546 960 1644; x_wconf 78' lang='lat' dir='ltr'><strong>Lyningen,</strong></span> <span class='ocrx_word' id='word_1_60' title='bbox 987 1546 1104 1619; x_wconf 90' lang='lat' dir='ltr'><strong>dilecti</strong></span> <span class='ocrx_word' id='word_1_61' title='bbox 1136 1547 1312 1619; x_wconf 82' lang='lat' dir='ltr'><strong>familiaris</strong></span> <span class='ocrx_word' id='word_1_62' title='bbox 1333 1557 1368 1620; x_wconf 90' lang='lat' dir='ltr'><strong>et</strong></span> <span class='ocrx_word' id='word_1_63' title='bbox 1390 1543 1502 1620; x_wconf 87' lang='lat' dir='ltr'><strong>fidelis</strong></span> <span class='ocrx_word' id='word_1_64' title='bbox 1517 1547 1644 1639; x_wconf 80' lang='lat' dir='ltr'><strong>nostri,</strong></span> 
     </span>
    </p>
   </div>
   <div class='ocr_carea' id='block_1_4' title="bbox 237 1670 1646 1900">
    <p class='ocr_par' dir='ltr' id='par_1_4' title="bbox 237 1670 1646 1900">
     <span class='ocr_line' id='line_1_9' title="bbox 237 1670 1646 1768; baseline -0.003 -20"><span class='ocrx_word' id='word_1_65' title='bbox 237 1672 461 1748; x_wconf 83' lang='lat' dir='ltr'><strong>concedimus</strong></span> <span class='ocrx_word' id='word_1_66' title='bbox 488 1671 520 1744; x_wconf 91' lang='lat' dir='ltr'><strong>ei</strong></span> <span class='ocrx_word' id='word_1_67' title='bbox 545 1671 665 1744; x_wconf 83' lang='lat' dir='ltr'><strong>uillam</strong></span> <span class='ocrx_word' id='word_1_68' title='bbox 693 1693 762 1765; x_wconf 92' lang='lat' dir='ltr'><strong>que</strong></span> <span class='ocrx_word' id='word_1_69' title='bbox 789 1670 915 1744; x_wconf 90' lang='lat' dir='ltr'><strong>dicitur</strong></span> <span class='ocrx_word' id='word_1_70' title='bbox 947 1673 1062 1744; x_wconf 89' lang='lat' dir='ltr'><strong>Sancti</strong></span> <span class='ocrx_word' id='word_1_71' title='bbox 1085 1671 1196 1764; x_wconf 90' lang='lat' dir='ltr'><strong>Pauli,</strong></span> <span class='ocrx_word' id='word_1_72' title='bbox 1219 1694 1327 1768; x_wconf 91' lang='lat' dir='ltr'><strong>prope</strong></span> <span class='ocrx_word' id='word_1_73' title='bbox 1348 1672 1591 1764; x_wconf 78' lang='lat' dir='ltr'><strong>wissenburg,</strong></span> <span class='ocrx_word' id='word_1_74' title='bbox 1609 1671 1646 1744; x_wconf 93' lang='lat' dir='ltr'><strong>in</strong></span> 
     </span>
     <span class='ocr_line' id='line_1_10' title="bbox 237 1789 1646 1900; baseline 0.001 -37"><span class='ocrx_word' id='word_1_75' title='bbox 237 1791 444 1888; x_wconf 79' lang='lat' dir='ltr'><strong>Spirigovia,</strong></span> <span class='ocrx_word' id='word_1_76' title='bbox 463 1800 499 1900; x_wconf 87' lang='lat' dir='ltr'><strong>et</strong></span> <span class='ocrx_word' id='word_1_77' title='bbox 511 1791 627 1863; x_wconf 89' lang='lat' dir='ltr'><strong>omnia</strong></span> <span class='ocrx_word' id='word_1_78' title='bbox 646 1789 795 1862; x_wconf 87' lang='lat' dir='ltr'><strong>leodalia</strong></span> <span class='ocrx_word' id='word_1_79' title='bbox 809 1813 878 1884; x_wconf 90' lang='lat' dir='ltr'><strong>que</strong></span> <span class='ocrx_word' id='word_1_80' title='bbox 891 1789 1058 1862; x_wconf 84' lang='lat' dir='ltr'><strong>hactenus</strong></span> <span class='ocrx_word' id='word_1_81' title='bbox 1080 1791 1190 1863; x_wconf 90' lang='lat' dir='ltr'><strong>tenuit</strong></span> <span class='ocrx_word' id='word_1_82' title='bbox 1204 1813 1225 1864; x_wconf 90' lang='lat' dir='ltr'><strong>a</strong></span> <span class='ocrx_word' id='word_1_83' title='bbox 1239 1792 1338 1864; x_wconf 89' lang='lat' dir='ltr'><strong>nobis</strong></span> <span class='ocrx_word' id='word_1_84' title='bbox 1351 1791 1528 1888; x_wconf 87' lang='lat' dir='ltr'><strong>qnondam</strong></span> <span class='ocrx_word' id='word_1_85' title='bbox 1542 1793 1581 1863; x_wconf 88' lang='lat' dir='ltr'><strong>B.</strong></span> <span class='ocrx_word' id='word_1_86' title='bbox 1601 1791 1646 1864; x_wconf 89' lang='lat' dir='ltr'><strong>de</strong></span> 
     </span>
    </p>
   </div>
   <div class='ocr_carea' id='block_1_5' title="bbox 237 1913 1646 2261">
    <p class='ocr_par' dir='ltr' id='par_1_5' title="bbox 237 1913 1646 2261">
     <span class='ocr_line' id='line_1_11' title="bbox 237 1913 1646 2010; baseline -0.001 -20"><span class='ocrx_word' id='word_1_87' title='bbox 237 1915 528 2008; x_wconf 78' lang='lat' dir='ltr'><strong>Wedeglenbert,</strong></span> <span class='ocrx_word' id='word_1_88' title='bbox 555 1914 616 2008; x_wconf 90' lang='lat' dir='ltr'><strong>qni</strong></span> <span class='ocrx_word' id='word_1_89' title='bbox 643 1915 718 1987; x_wconf 90' lang='lat' dir='ltr'><strong>sine</strong></span> <span class='ocrx_word' id='word_1_90' title='bbox 744 1914 861 1986; x_wconf 91' lang='lat' dir='ltr'><strong>liberis</strong></span> <span class='ocrx_word' id='word_1_91' title='bbox 894 1914 1021 1986; x_wconf 88' lang='lat' dir='ltr'><strong>dicitur</strong></span> <span class='ocrx_word' id='word_1_92' title='bbox 1049 1914 1237 2006; x_wconf 88' lang='lat' dir='ltr'><strong>decidisse,</strong></span> <span class='ocrx_word' id='word_1_93' title='bbox 1264 1936 1376 2008; x_wconf 90' lang='lat' dir='ltr'><strong>usque</strong></span> <span class='ocrx_word' id='word_1_94' title='bbox 1397 1913 1443 1986; x_wconf 90' lang='lat' dir='ltr'><strong>ad</strong></span> <span class='ocrx_word' id='word_1_95' title='bbox 1456 1914 1646 2010; x_wconf 81' lang='lat' dir='ltr'><strong>principale</strong></span> 
     </span>
     <span class='ocr_line' id='line_1_12' title="bbox 238 2036 1211 2134; baseline -0.001 -23"><span class='ocrx_word' id='word_1_96' title='bbox 238 2040 443 2112; x_wconf 87' lang='lat' dir='ltr'><strong>mandatum</strong></span> <span class='ocrx_word' id='word_1_97' title='bbox 459 2038 668 2112; x_wconf 85' lang='lat' dir='ltr'><strong>serenissimi</strong></span> <span class='ocrx_word' id='word_1_98' title='bbox 680 2037 811 2110; x_wconf 88' lang='lat' dir='ltr'><strong>Cesaris</strong></span> <span class='ocrx_word' id='word_1_99' title='bbox 822 2036 953 2110; x_wconf 92' lang='lat' dir='ltr'><strong>domini</strong></span> <span class='ocrx_word' id='word_1_100' title='bbox 968 2037 1074 2134; x_wconf 89' lang='lat' dir='ltr'><strong>patris</strong></span> <span class='ocrx_word' id='word_1_101' title='bbox 1089 2037 1211 2110; x_wconf 89' lang='lat' dir='ltr'><strong>nostri.</strong></span> 
     </span>
     <span class='ocr_line' id='line_1_13' title="bbox 286 2160 1192 2261; baseline 0 -25"><span class='ocrx_word' id='word_1_102' title='bbox 286 2166 412 2236; x_wconf 89' lang='lat' dir='ltr'><strong>Datum</strong></span> <span class='ocrx_word' id='word_1_103' title='bbox 427 2164 521 2261; x_wconf 89' lang='lat' dir='ltr'><strong>apud</strong></span> <span class='ocrx_word' id='word_1_104' title='bbox 534 2163 751 2258; x_wconf 78' lang='lat' dir='ltr'><strong>Esselingen,</strong></span> <span class='ocrx_word' id='word_1_105' title='bbox 768 2163 960 2254; x_wconf 71' lang='lat' dir='ltr'><strong>illuctati,</strong></span> <span class='ocrx_word' id='word_1_106' title='bbox 978 2163 1111 2261; x_wconf 82' lang='lat' dir='ltr'><strong>llydus</strong></span> <span class='ocrx_word' id='word_1_107' title='bbox 1128 2160 1143 2259; x_wconf 89' lang='lat'>(</span> <span class='ocrx_word' id='word_1_108' title='bbox 1164 2161 1192 2260; x_wconf 86' lang='lat'><strong>).</strong></span> 
     </span>
    </p>
   </div>
   <div class='ocr_carea' id='block_1_6' title="bbox 633 2660 1245 2726">
    <p class='ocr_par' dir='ltr' id='par_1_6' title="bbox 633 2660 1245 2726">
     <span class='ocr_line' id='line_1_14' title="bbox 633 2660 1245 2726; baseline 0.007 -4"><span class='ocrx_word' id='word_1_109' title='bbox 633 2660 745 2724; x_wconf 73' lang='lat' dir='ltr'><strong>Atro</strong></span> <span class='ocrx_word' id='word_1_110' title='bbox 767 2661 869 2724; x_wconf 70' lang='lat'>1248.</span> <span class='ocrx_word' id='word_1_111' title='bbox 887 2696 928 2709; x_wconf 89' lang='lat'>-</span> <span class='ocrx_word' id='word_1_112' title='bbox 946 2661 1191 2725; x_wconf 70' lang='lat' dir='ltr'><strong>leotericus</strong></span> <span class='ocrx_word' id='word_1_113' title='bbox 1214 2663 1245 2726; x_wconf 90' lang='grc'><strong>6.</strong></span> 
     </span>
    </p>
   </div>
   <div class='ocr_carea' id='block_1_7' title="bbox 166 3003 1646 3252">
    <p class='ocr_par' dir='ltr' id='par_1_7' title="bbox 166 3003 1646 3252">
     <span class='ocr_line' id='line_1_15' title="bbox 291 3003 1646 3112; baseline 0.005 -26"><span class='ocrx_word' id='word_1_114' title='bbox 291 3003 388 3088; x_wconf 90' lang='lat' dir='ltr'><strong>lstos</strong></span> <span class='ocrx_word' id='word_1_115' title='bbox 406 3005 614 3088; x_wconf 88' lang='lat' dir='ltr'><strong>haereticos</strong></span> <span class='ocrx_word' id='word_1_116' title='bbox 637 3006 773 3112; x_wconf 89' lang='lat' dir='ltr'><strong>[Hellis</strong></span> <span class='ocrx_word' id='word_1_117' title='bbox 791 3007 830 3088; x_wconf 90' lang='lat' dir='ltr'><strong>in</strong></span> <span class='ocrx_word' id='word_1_118' title='bbox 850 3006 1002 3112; x_wconf 75' lang='lat' dir='ltr'><strong>Suesia]</strong></span> <span class='ocrx_word' id='word_1_119' title='bbox 1022 3007 1114 3090; x_wconf 88' lang='lat' dir='ltr'><strong>fovit</strong></span> <span class='ocrx_word' id='word_1_120' title='bbox 1136 3018 1174 3091; x_wconf 91' lang='lat' dir='ltr'><strong>et</strong></span> <span class='ocrx_word' id='word_1_121' title='bbox 1195 3007 1364 3092; x_wconf 84' lang='lat' dir='ltr'><strong>defendit</strong></span> <span class='ocrx_word' id='word_1_122' title='bbox 1387 3009 1584 3092; x_wconf 85' lang='lat' dir='ltr'><strong>Corradus</strong></span> <span class='ocrx_word' id='word_1_123' title='bbox 1607 3021 1646 3093; x_wconf 88' lang='lat' dir='ltr'><strong>et</strong></span> 
     </span>
     <span class='ocr_line' id='line_1_16' title="bbox 166 3138 1645 3252; baseline 0.008 -37"><span class='ocrx_word' id='word_1_124' title='bbox 166 3139 171 3150; x_wconf 83' lang='lat'><strong><em>‘</em></strong></span> <span class='ocrx_word' id='word_1_125' title='bbox 236 3144 386 3244; x_wconf 88' lang='lat' dir='ltr'><strong>patrem</strong></span> <span class='ocrx_word' id='word_1_126' title='bbox 405 3161 518 3218; x_wconf 88' lang='lat' dir='ltr'><strong>suum</strong></span> <span class='ocrx_word' id='word_1_127' title='bbox 537 3163 578 3219; x_wconf 91' lang='lat' dir='ltr'><strong>se</strong></span> <span class='ocrx_word' id='word_1_128' title='bbox 595 3163 663 3247; x_wconf 91' lang='lat' dir='ltr'><strong>per</strong></span> <span class='ocrx_word' id='word_1_129' title='bbox 681 3138 772 3220; x_wconf 87' lang='lat' dir='ltr'><strong>talia</strong></span> <span class='ocrx_word' id='word_1_130' title='bbox 788 3164 934 3222; x_wconf 86' lang='lat' dir='ltr'><strong>venene</strong></span> <span class='ocrx_word' id='word_1_131' title='bbox 954 3140 1114 3222; x_wconf 90' lang='lat' dir='ltr'><strong>credidit</strong></span> <span class='ocrx_word' id='word_1_132' title='bbox 1137 3140 1348 3224; x_wconf 88' lang='lat' dir='ltr'><strong>defensare.</strong></span> <span class='ocrx_word' id='word_1_133' title='bbox 1366 3141 1441 3224; x_wconf 90' lang='lat' dir='ltr'><strong>Sed</strong></span> <span class='ocrx_word' id='word_1_134' title='bbox 1459 3168 1519 3224; x_wconf 91' lang='lat' dir='ltr'><strong>res</strong></span> <span class='ocrx_word' id='word_1_135' title='bbox 1537 3142 1645 3252; x_wconf 88' lang='lat' dir='ltr'><strong>lapsa</strong></span> 
     </span>
    </p>
   </div>
   <div class='ocr_carea' id='block_1_8' title="bbox 236 3267 1717 3381">
    <p class='ocr_par' dir='ltr' id='par_1_8' title="bbox 236 3267 1717 3381">
     <span class='ocr_line' id='line_1_17' title="bbox 236 3267 1717 3381; baseline 0.006 -31"><span class='ocrx_word' id='word_1_136' title='bbox 236 3267 355 3350; x_wconf 90' lang='lat' dir='ltr'><strong>estin</strong></span> <span class='ocrx_word' id='word_1_137' title='bbox 372 3269 622 3376; x_wconf 89' lang='lat' dir='ltr'><strong>contrarium,</strong></span> <span class='ocrx_word' id='word_1_138' title='bbox 650 3271 742 3380; x_wconf 89' lang='lat' dir='ltr'><strong>quia</strong></span> <span class='ocrx_word' id='word_1_139' title='bbox 764 3270 959 3354; x_wconf 88' lang='lat' dir='ltr'><strong>catholicis</strong></span> <span class='ocrx_word' id='word_1_140' title='bbox 980 3272 1301 3381; x_wconf 82' lang='lat' dir='ltr'><strong>praedicatoribus</strong></span> <span class='ocrx_word' id='word_1_141' title='bbox 1325 3273 1503 3356; x_wconf 85' lang='lat' dir='ltr'><strong>audacter</strong></span> <span class='ocrx_word' id='word_1_142' title='bbox 1525 3276 1646 3358; x_wconf 85' lang='lat' dir='ltr'><strong>resia·</strong></span> <span class='ocrx_word' id='word_1_143' title='bbox 1713 3305 1717 3314; x_wconf 90' lang='lat'>·</span> 
     </span>
    </p>
   </div>
   <div class='ocr_carea' id='block_1_9' title="bbox 236 3400 1645 3512">
    <p class='ocr_par' dir='ltr' id='par_1_9' title="bbox 236 3400 1645 3512">
     <span class='ocr_line' id='line_1_18' title="bbox 236 3400 1645 3512; baseline 0.006 -28"><span class='ocrx_word' id='word_1_144' title='bbox 236 3400 406 3484; x_wconf 85' lang='lat' dir='ltr'><strong>tentibus</strong></span> <span class='ocrx_word' id='word_1_145' title='bbox 424 3411 462 3483; x_wconf 90' lang='lat' dir='ltr'><strong>et</strong></span> <span class='ocrx_word' id='word_1_146' title='bbox 480 3401 611 3485; x_wconf 89' lang='lat' dir='ltr'><strong>fideles</strong></span> <span class='ocrx_word' id='word_1_147' title='bbox 627 3402 932 3512; x_wconf 67' lang='lat' dir='ltr'><strong>emorientibus,</strong></span> <span class='ocrx_word' id='word_1_148' title='bbox 953 3403 1063 3487; x_wconf 91' lang='lat' dir='ltr'><strong>liberi</strong></span> <span class='ocrx_word' id='word_1_149' title='bbox 1084 3415 1122 3487; x_wconf 91' lang='lat' dir='ltr'><strong>ct</strong></span> <span class='ocrx_word' id='word_1_150' title='bbox 1141 3404 1407 3488; x_wconf 84' lang='lat' dir='ltr'><strong>ministeriales</strong></span> <span class='ocrx_word' id='word_1_151' title='bbox 1427 3431 1450 3488; x_wconf 86' lang='lat' dir='ltr'><strong>a</strong></span> <span class='ocrx_word' id='word_1_152' title='bbox 1471 3407 1645 3492; x_wconf 86' lang='lat' dir='ltr'><strong>Conrado</strong></span> 
     </span>
    </p>
   </div>
   <div class='ocr_carea' id='block_1_10' title="bbox 236 3534 1645 3777">
    <p class='ocr_par' dir='ltr' id='par_1_10' title="bbox 236 3534 1645 3777">
     <span class='ocr_line' id='line_1_19' title="bbox 236 3534 1645 3647; baseline 0.004 -29"><span class='ocrx_word' id='word_1_153' title='bbox 236 3541 487 3636; x_wconf 82' lang='lat' dir='ltr'><strong>recesserunt,</strong></span> <span class='ocrx_word' id='word_1_154' title='bbox 504 3534 558 3618; x_wconf 86' lang='lat' dir='ltr'><strong>ita</strong></span> <span class='ocrx_word' id='word_1_155' title='bbox 576 3535 680 3646; x_wconf 90' lang='lat' dir='ltr'><strong>quod</strong></span> <span class='ocrx_word' id='word_1_156' title='bbox 699 3535 810 3646; x_wconf 87' lang='lat' dir='ltr'><strong>quasi</strong></span> <span class='ocrx_word' id='word_1_157' title='bbox 828 3534 915 3619; x_wconf 85' lang='lat' dir='ltr'><strong>exul</strong></span> <span class='ocrx_word' id='word_1_158' title='bbox 933 3545 970 3619; x_wconf 88' lang='lat' dir='ltr'><strong>et</strong></span> <span class='ocrx_word' id='word_1_159' title='bbox 987 3535 1175 3647; x_wconf 86' lang='lat' dir='ltr'><strong>profugus</strong></span> <span class='ocrx_word' id='word_1_160' title='bbox 1193 3537 1241 3620; x_wconf 91' lang='lat' dir='ltr'><strong>de</strong></span> <span class='ocrx_word' id='word_1_161' title='bbox 1259 3537 1395 3622; x_wconf 89' lang='lat' dir='ltr'><strong>Suevie</strong></span> <span class='ocrx_word' id='word_1_162' title='bbox 1415 3538 1463 3621; x_wconf 92' lang='lat' dir='ltr'><strong>in·</strong></span> <span class='ocrx_word' id='word_1_163' title='bbox 1474 3539 1645 3627; x_wconf 82' lang='lat' dir='ltr'><strong>Bawenia</strong></span> 
     </span>
     <span class='ocr_line' id='line_1_20' title="bbox 238 3666 1376 3777; baseline 0.001 -27"><span class='ocrx_word' id='word_1_164' title='bbox 238 3675 469 3750; x_wconf 84' lang='lat' dir='ltr'><strong>moraretur.</strong></span> <span class='ocrx_word' id='word_1_165' title='bbox 492 3669 630 3751; x_wconf 78' lang='lat' dir='ltr'><strong>libert.</strong></span> <span class='ocrx_word' id='word_1_166' title='bbox 653 3666 1052 3777; x_wconf 74' lang='grc' dir='ltr'><strong>811111111θή1οηὶ1,</strong></span> <span class='ocrx_word' id='word_1_167' title='bbox 1072 3669 1121 3751; x_wconf 87' lang='lat' dir='ltr'><strong>ed</strong></span> <span class='ocrx_word' id='word_1_168' title='bbox 1142 3695 1233 3752; x_wconf 87' lang='lat' dir='ltr'><strong>eun.</strong></span> <span class='ocrx_word' id='word_1_169' title='bbox 1258 3673 1376 3754; x_wconf 72' lang='lat'><strong>1248.</strong></span> 
     </span>
    </p>
   </div>
   <div class='ocr_carea' id='block_1_11' title="bbox 294 4142 1811 4254">
    <p class='ocr_par' dir='ltr' id='par_1_11' title="bbox 294 4142 1811 4254">
     <span class='ocr_line' id='line_1_21' title="bbox 294 4142 1811 4254; baseline -0.005 -27"><span class='ocrx_word' id='word_1_170' title='bbox 294 4143 511 4249; x_wconf 84' lang='lat' dir='ltr'><strong>Corradus,</strong></span> <span class='ocrx_word' id='word_1_171' title='bbox 536 4143 575 4224; x_wconf 91' lang='lat' dir='ltr'><strong>in</strong></span> <span class='ocrx_word' id='word_1_172' title='bbox 600 4142 860 4226; x_wconf 86' lang='lat' dir='ltr'><strong>Romanorum</strong></span> <span class='ocrx_word' id='word_1_173' title='bbox 882 4168 1011 4252; x_wconf 84' lang='lat' dir='ltr'><strong>regem</strong></span> <span class='ocrx_word' id='word_1_174' title='bbox 1036 4143 1194 4250; x_wconf 89' lang='lat' dir='ltr'><strong>electus,</strong></span> <span class='ocrx_word' id='word_1_175' title='bbox 1221 4146 1478 4254; x_wconf 88' lang='lat' dir='ltr'><strong>possessiones</strong></span> <span class='ocrx_word' id='word_1_176' title='bbox 1501 4154 1538 4228; x_wconf 87' lang='lat' dir='ltr'><strong>et</strong></span> <span class='ocrx_word' id='word_1_177' title='bbox 1556 4143 1646 4254; x_wconf 85' lang='lat' dir='ltr'><strong>jura</strong></span> <span class='ocrx_word' id='word_1_178' title='bbox 1698 4167 1811 4221; x_wconf 69' lang='lat' dir='ltr'><strong>tunna·</strong></span> 
     </span>
    </p>
   </div>
   <div class='ocr_carea' id='block_1_12' title="bbox 238 4274 1647 4650">
    <p class='ocr_par' dir='ltr' id='par_1_12' title="bbox 238 4274 1647 4650">
     <span class='ocr_line' id='line_1_22' title="bbox 238 4274 1645 4388; baseline 0.001 -29"><span class='ocrx_word' id='word_1_179' title='bbox 238 4275 369 4359; x_wconf 88' lang='lat' dir='ltr'><strong>omnia</strong></span> <span class='ocrx_word' id='word_1_180' title='bbox 386 4275 604 4357; x_wconf 87' lang='lat' dir='ltr'><strong>monasterii</strong></span> <span class='ocrx_word' id='word_1_181' title='bbox 624 4274 664 4355; x_wconf 92' lang='lat' dir='ltr'><strong>in</strong></span> <span class='ocrx_word' id='word_1_182' title='bbox 681 4275 928 4384; x_wconf 83' lang='lat' dir='ltr'><strong>Weingarten</strong></span> <span class='ocrx_word' id='word_1_183' title='bbox 954 4275 1168 4379; x_wconf 87' lang='lat' dir='ltr'><strong>confirmat,</strong></span> <span class='ocrx_word' id='word_1_184' title='bbox 1191 4287 1274 4360; x_wconf 89' lang='lat' dir='ltr'><strong>tum</strong></span> <span class='ocrx_word' id='word_1_185' title='bbox 1298 4278 1346 4362; x_wconf 91' lang='lat' dir='ltr'><strong>de</strong></span> <span class='ocrx_word' id='word_1_186' title='bbox 1367 4276 1645 4388; x_wconf 70' lang='grc'><strong>1111111111-</strong></span> 
     </span>
     <span class='ocr_line' id='line_1_23' title="bbox 238 4406 1647 4520; baseline 0.003 -30"><span class='ocrx_word' id='word_1_187' title='bbox 238 4406 337 4490; x_wconf 89' lang='lat' dir='ltr'><strong>lium</strong></span> <span class='ocrx_word' id='word_1_188' title='bbox 366 4406 444 4489; x_wconf 87' lang='lat' dir='ltr'><strong>sive</strong></span> <span class='ocrx_word' id='word_1_189' title='bbox 479 4406 768 4490; x_wconf 88' lang='lat' dir='ltr'><strong>morticinorum</strong></span> <span class='ocrx_word' id='word_1_190' title='bbox 799 4407 969 4516; x_wconf 88' lang='lat' dir='ltr'><strong>ejusdem</strong></span> <span class='ocrx_word' id='word_1_191' title='bbox 998 4406 1197 4517; x_wconf 89' lang='lat' dir='ltr'><strong>eeclesiae,</strong></span> <span class='ocrx_word' id='word_1_192' title='bbox 1222 4418 1304 4491; x_wconf 91' lang='lat' dir='ltr'><strong>tum</strong></span> <span class='ocrx_word' id='word_1_193' title='bbox 1334 4410 1382 4493; x_wconf 91' lang='lat' dir='ltr'><strong>de</strong></span> <span class='ocrx_word' id='word_1_194' title='bbox 1413 4411 1499 4520; x_wconf 86' lang='lat' dir='ltr'><strong>jure</strong></span> <span class='ocrx_word' id='word_1_195' title='bbox 1533 4435 1647 4519; x_wconf 91' lang='lat' dir='ltr'><strong>super</strong></span> 
     </span>
     <span class='ocr_line' id='line_1_24' title="bbox 238 4538 1039 4650; baseline 0 -28"><span class='ocrx_word' id='word_1_196' title='bbox 238 4538 442 4624; x_wconf 81' lang='lat' dir='ltr'><strong>novalibus</strong></span> <span class='ocrx_word' id='word_1_197' title='bbox 459 4539 499 4621; x_wconf 91' lang='lat' dir='ltr'><strong>in</strong></span> <span class='ocrx_word' id='word_1_198' title='bbox 519 4540 626 4650; x_wconf 84' lang='lat' dir='ltr'><strong>sylva</strong></span> <span class='ocrx_word' id='word_1_199' title='bbox 645 4539 850 4623; x_wconf 80' lang='lat' dir='ltr'><strong>Altorlensi</strong></span> <span class='ocrx_word' id='word_1_200' title='bbox 868 4539 1039 4623; x_wconf 87' lang='lat' dir='ltr'><strong>excultis.</strong></span> 
     </span>
    </p>
   </div>
   <div class='ocr_carea' id='block_1_13' title="bbox 282 4725 1233 4809">
    <p class='ocr_par' dir='ltr' id='par_1_13' title="bbox 282 4725 1233 4809">
     <span class='ocr_line' id='line_1_25' title="bbox 282 4725 1233 4809; baseline 0.002 -21"><span class='ocrx_word' id='word_1_201' title='bbox 282 4725 325 4808; x_wconf 84' lang='lat' dir='ltr'><strong>(a)</strong></span> <span class='ocrx_word' id='word_1_202' title='bbox 347 4729 508 4790; x_wconf 82' lang='lat' dir='ltr'><strong>Evidenter</strong></span> <span class='ocrx_word' id='word_1_203' title='bbox 521 4728 677 4808; x_wconf 77' lang='lat' dir='ltr'><strong>legendnm</strong></span> <span class='ocrx_word' id='word_1_204' title='bbox 691 4735 721 4791; x_wconf 87' lang='lat' dir='ltr'><strong>et</strong></span> <span class='ocrx_word' id='word_1_205' title='bbox 733 4728 955 4809; x_wconf 82' lang='lat' dir='ltr'><strong>intelligendum</strong></span> <span class='ocrx_word' id='word_1_206' title='bbox 967 4734 1012 4791; x_wconf 87' lang='lat' dir='ltr'><strong>est</strong></span> <span class='ocrx_word' id='word_1_207' title='bbox 1033 4729 1059 4790; x_wconf 82' lang='lat' dir='ltr'><strong>ll</strong></span> <span class='ocrx_word' id='word_1_208' title='bbox 1068 4726 1233 4792; x_wconf 79' lang='lat' dir='ltr'><strong>indictione.</strong></span> 
     </span>
    </p>
   </div>
   <div class='ocr_carea' id='block_1_14' title="bbox 1713 4221 1811 4266">
    <p class='ocr_par' dir='ltr' id='par_1_14' title="bbox 1713 4221 1811 4266">
     <span class='ocr_line' id='line_1_26' title="bbox 1713 4221 1811 4266; baseline 0.031 -3"><span class='ocrx_word' id='word_1_209' title='bbox 1713 4221 1811 4266; x_wconf 74' lang='lat' dir='ltr'><strong>comit.</strong></span> 
     </span>
    </p>
   </div>
   <div class='ocr_carea' id='block_1_15' title="bbox 0 0 2155 5908">
    <p class='ocr_par' dir='ltr' id='par_1_15' title="bbox 0 0 2155 5908">
     <span class='ocr_line' id='line_1_27' title="bbox 0 0 2155 5908; baseline 0 0"><span class='ocrx_word' id='word_1_210' title='bbox 0 0 2155 5908; x_wconf 95' lang='lat' dir='ltr'><strong> </strong></span> 
     </span>
    </p>
   </div>
  </div>
 </body>
</html>
