4310 5908
517 541 577 605 782
1015 549 1231 612 unluuutct
1255 549 1429 612 securior
1734 547 1818 630 [tu.
1834 549 1922 613 1950.

516 679 668 772 Virginis
690 681 868 776 possidere
899 684 936 755 in
957 685 1058 758 Troia
1088 685 1210 759 decem
1237 685 1381 776 domos,
1412 685 1477 758 tria
1501 685 1652 784 palacia,
1676 695 1756 760 uoto
1780 686 1923 778 vineas,

518 811 667 896 quatuor
679 804 799 878 hortos
813 816 849 879 et
865 808 1037 881 territoria
1049 831 1192 902 novem,
1205 829 1295 903 quae
1305 807 1418 881 eidem
1433 831 1497 906 per
1505 809 1707 904 judicialem
1722 812 1926 885 senteutiam

522 928 764 1000 restituuntur.

312 1473 495 1532 [amalum
573 1470 807 1582 Fridericus,
827 1474 1088 1560 Romanorum
1111 1479 1332 1587 imperator,
1352 1479 1481 1562 comiti
1505 1479 1698 1563 Gualterio
1719 1480 1768 1562 de
1788 1480 1928 1566 Manu-

519 1603 621 1712 pello
652 1606 693 1687 in
724 1608 892 1692 Marchie
927 1611 1125 1719 capitaneo
1164 1621 1290 1721 grates
1326 1612 1407 1722 egit
1436 1612 1484 1695 de
1519 1613 1731 1696 redditione
1769 1613 1928 1698 civitatis

519 1735 656 1841 Firmi,
687 1765 848 1824 monens
876 1743 980 1852 quod
1004 1743 1132 1852 ipsum
1161 1743 1210 1825 ad
1236 1769 1277 1826 se
1302 1769 1477 1828 revocare
1495 1769 1571 1828 non
1591 1745 1783 1854 proponit,
1809 1747 1930 1829 donec

519 1868 673 1978 plenam
710 1873 759 1956 de
794 1873 1001 1957 rebellibus
1032 1875 1229 1958 victoriam
1254 1875 1442 1959 habuerit.
1475 1875 1530 1959 lle
1561 1877 1804 1960 matrimonio
1829 1875 1929 1960 filiae

520 2001 693 2114 ejusdem
712 2007 861 2090 comitis
883 2033 972 2090 oum
991 2008 1211 2092 marchione
1231 2008 1280 2091 de
1297 2007 1531 2120 Hohenburg
1547 2010 1777 2120 congaudet.

603 2247 741 2326 (Editio
754 2247 839 2310 Petri
853 2247 888 2310 da
901 2249 967 2311 Vin.
980 2251 1078 2330 epist,
1092 2251 1144 2312 llb.
1155 2249 1212 2326 111,
1225 2267 1291 2328 cap.
1301 2251 1430 2331 XXXV;
1444 2251 1513 2315 coll.
1523 2269 1593 2314 cum
1608 2251 1817 2314 codlclb.Blbl.
1830 2251 1928 2314 (imur.

642 2353 847 2433 Purls.,sonda
867 2353 1108 2418 secedamus
1120 2354 1246 2436 Hcrlcp,
1262 2367 1295 2418 n·
1310 2366 1380 2430 455,
1395 2356 1523 2438 etsoodc
1534 2359 1742 2434 NotreDnrne,
1757 2365 1790 2418 n·
1804 2366 1874 2418 2⁰2.
1895 2357 1930 2419 ln

640 2461 741 2523 codloe
755 2462 944 2523 Mediomont.
960 2463 1109 2540 Phtlllpss.
1128 2463 1231 2526 unum
1250 2465 1293 2524 tta
1309 2471 1451 2525 exuatur
1468 2465 1566 2526 mut
1579 2464 1714 2542 Simon&
1733 2465 1814 2543 quod
1831 2465 1931 2526 mlnus

642 2573 745 2646 aptum
757 2567 959 2649 arbitramur.)

1220 2755 1234 2826 l

572 2935 666 3004 Inter
682 2931 913 3026 gratitudines
937 2931 1043 3022 alias,
1064 2953 1133 3024 que
1149 2931 1240 3004 votis
1264 2931 1392 3004 uostris
1415 2929 1582 3004 accedam
1602 2941 1813 3026 potuerunt,
1833 2931 1928 3004 illem

524 3057 646 3130 habuit
660 3056 828 3130 serenitas
846 3065 964 3129 nostra
980 3055 1181 3152 precipuum
1197 3055 1294 3149 quod
1313 3054 1467 3130 llambia
1481 3053 1699 3128 Anconitaua
1716 3065 1753 3128 et
1774 3055 1932 3128 Firmano

524 3181 688 3277 precipue
704 3180 846 3272 civitas,
870 3201 976 3274 quam
994 3181 1190 3252 emulomm
1206 3190 1403 3253 uostromm
1421 3179 1507 3252 falsa
1529 3179 1707 3272 suggestio
1725 3201 1747 3252 a
1765 3179 1932 3276 benepla-

524 3305 601 3378 citis
616 3303 743 3378 nostris
756 3304 920 3377 aberrare
935 3313 1115 3398 coegerat,
1134 3313 1193 3375 tue
1210 3303 1473 3400 interpositione
1488 3303 1645 3395 virtutis,
1660 3303 1707 3376 ad
1724 3303 1814 3375 viam
1829 3303 1933 3376 recti·

525 3427 656 3501 tudinis
683 3436 719 3499 et
743 3426 790 3500 ad
815 3428 947 3500 cultum
965 3435 1084 3498 nostre
1107 3423 1189 3498 fidei
1211 3447 1248 3498 se
1271 3426 1455 3500 convertit.
1479 3427 1536 3500 Ex
1554 3447 1626 3520 quo
1648 3435 1764 3523 preter
1785 3426 1934 3499 aliatus

524 3551 720 3625 devotionis
743 3551 927 3644 obsequia,
949 3571 1019 3644 que
1043 3559 1077 3622 te
1097 3549 1134 3621 in
1153 3559 1341 3646 conspectu
1363 3560 1482 3623 nostre
1505 3551 1695 3645 majestatis
1720 3546 1932 3642 clarificant,

524 3675 591 3750 heo
611 3675 806 3771 specialiter
822 3683 856 3748 te
874 3674 1054 3748 clariorem
1071 3673 1224 3747 officiunt
1243 3684 1279 3747 et
1297 3673 1424 3747 nostris
1437 3673 1567 3747 obnixe
1582 3673 1773 3748 visceribus
1788 3673 1934 3768 impres·

525 3810 659 3874 serunt.
680 3800 775 3873 Licet
787 3799 892 3892 igitur
907 3809 966 3872 tue
980 3797 1107 3871 devote
1132 3797 1271 3870 virtutis
1287 3798 1504 3893 experientia
1520 3797 1585 3870 sibi
1602 3797 1677 3892 ipsa
1692 3795 1737 3869 sit
1753 3797 1933 3887 admulus,

525 3945 592 3998 nec
619 3925 815 3998 extrinsece
839 3931 936 3995 motu
961 3921 1215 3995 exhortationis
1239 3921 1415 4014 indigeat,
1442 3920 1664 3995 devotionem
1693 3931 1809 3993 tamen
1838 3929 1934 3992 tuam

524 4069 708 4122 monemus
722 4058 759 4121 et
771 4047 952 4120 hortamur
962 4054 1095 4118 attente
1110 4054 1284 4140 quatenus
1297 4065 1497 4140 processum
1513 4067 1560 4118 ex
1572 4043 1840 4140 precedentibus
1854 4042 1936 4116 acti·

525 4170 592 4244 bus
604 4167 893 4267 presentibusque
910 4166 1129 4240 laudabiliter
1142 4167 1189 4240 ad
1203 4167 1511 4240 cousummationis
1528 4167 1675 4260 gloriam
1689 4167 1811 4240 lutura
1822 4165 1934 4239 conti·

526 4293 669 4368 nuando
684 4291 870 4389 perducas,
883 4300 923 4361 ut
934 4290 1024 4362 sicut
1037 4290 1073 4361 in
1086 4289 1140 4362 his
1152 4312 1220 4385 que
1237 4301 1296 4363 tue
1308 4290 1476 4364 industrie
1490 4291 1739 4382 commisimus,
1754 4289 1936 4384 hucusque

527 4417 741 4514 quievimus,
760 4415 860 4489 sicin
876 4413 930 4486 his
943 4435 1012 4509 que
1028 4414 1188 4488 facienda
1203 4425 1390 4511 supersunt
1407 4415 1443 4488 iu
1458 4425 1636 4512 posterum
1655 4415 1886 4510 quiescamus.
