4306 5914
481 620 542 682 rrr
980 626 1194 688 rsrnnrrcr
1218 625 1391 690 suenum
1703 623 1785 708 [sss.
1804 624 1894 689 ress.

480 757 676 854 patriarcba
692 777 757 852 pro
775 779 812 830 se
830 769 867 832 et
886 759 957 833 suis
974 762 1231 838 successoribus
1250 771 1287 834 et
1312 761 1459 836 ecclesia
1472 759 1710 856 aquilegiensi
1729 781 1776 832 ex
1800 769 1899 856 purte

481 904 552 954 una
564 891 599 954 ct
611 881 772 956 dominns
784 882 984 958 Mainartlns
997 907 1113 958 comes
1124 887 1258 960 Goricie
1271 907 1336 982 pro
1347 907 1385 960 se
1400 895 1436 960 et
1448 883 1521 958 suis
1531 883 1719 958 heredibus
1732 905 1779 959 en
1788 883 1900 960 altera

482 1007 795 1101 compromiserunt
811 1007 848 1080 in
871 1007 1032 1082 dominos
1047 1009 1200 1084 Olricnm
1221 1010 1266 1084 de
1284 1009 1492 1084 lliicnbercb
1514 1009 1663 1083 electum
1683 1028 1748 1104 per
1766 1008 1899 1082 dictum

482 1131 663 1205 dominnm
677 1132 839 1205 comitem
854 1143 890 1205 et
900 1132 1094 1216 Iohannem
1110 1134 1155 1209 de
1166 1135 1315 1209 Cusania
1332 1136 1482 1208 electum
1495 1155 1558 1228 per
1571 1133 1703 1207 dictum
1716 1132 1900 1207 (lominum

481 1255 714 1352 patriarcham
742 1265 778 1328 et
799 1256 980 1330 dominum
1007 1259 1170 1332 Ottonem
1197 1259 1432 1334 llarcbioncm
1447 1257 1661 1356 propositum
1680 1256 1896 1350 Utinensem,

482 1380 632 1454 electum
648 1381 879 1454 communiter
894 1403 959 1477 per
971 1382 1104 1456 dictum
1126 1383 1306 1457 dominum
1325 1381 1559 1480 patriarcham
1580 1389 1617 1454 ct
1634 1380 1768 1454 dictum
1784 1379 1899 1455 domi.-

482 1525 568 1576 num
582 1505 759 1596 comitam,
774 1505 863 1578 sient
878 1505 915 1578 in
929 1506 1078 1582 arbitros
1094 1519 1130 1580 et
1141 1508 1367 1582 arbitraturus
1378 1517 1415 1581 et
1427 1505 1626 1580 amicabiles
1636 1505 1898 1602 compositores,

484 1629 529 1704 de
549 1630 710 1702 omnibns
726 1629 885 1726 dampnis
907 1630 998 1704 datis
1019 1641 1101 1729 post
1123 1630 1216 1705 diem
1239 1641 1385 1728 oengus
1407 1631 1538 1706 indicte
1552 1630 1645 1703 inter
1658 1629 1773 1726 ipsum
1785 1627 1899 1704 domi·

483 1775 569 1826 num
594 1751 826 1850 patriarcham
842 1763 878 1828 et
892 1775 974 1830 snos
996 1777 1043 1828 ex
1061 1777 1131 1830 uua
1154 1765 1254 1852 parte
1274 1766 1311 1829 et
1327 1755 1460 1830 dictum
1481 1753 1662 1828 dominum
1682 1754 1845 1827 comitem
1864 1763 1901 1828 et

484 1899 565 1952 snos
584 1899 630 1950 ex
644 1879 753 1951 altera
769 1888 849 1975 post
865 1877 1013 1976 prelium
1028 1880 1162 1954 Gorieie
1185 1903 1249 1978 per
1266 1881 1418 1954 Iuonnm
1435 1879 1598 1954 annuum
1621 1877 1753 1954 domini
1768 1877 1900 1952 Gueoili

484 2001 530 2076 de
545 2005 648 2078 Prata
665 2003 754 2076 sacri
769 2003 906 2101 imperii
919 2005 1040 2078 vicarii
1053 2007 1225 2100 generalis
1241 2007 1278 2080 in
1290 2005 1442 2082 blarcbia
1456 2015 1492 2078 et
1505 2027 1528 2078 a
1539 2003 1682 2077 flumine
1696 2003 1772 2078 Olei
1786 2023 1898 2096 mque

485 2147 549 2223 per
567 2136 678 2200 totum
694 2128 931 2224 episcopatum
946 2128 1187 2203 Tridentinnm
1206 2139 1243 2202 ct
1257 2130 1388 2205 domini
1402 2127 1535 2202 licelini
1549 2127 1596 2202 de
1611 2127 1787 2216 Romano,
1804 2135 1842 2199 et
1853 2125 1899 2200 dc

486 2253 647 2326 omnibns
660 2252 860 2326 aliiscansie
873 2262 909 2326 et
922 2253 1160 2349 questionibus
1173 2253 1300 2327 habitis
1313 2253 1546 2328 interdictum
1559 2250 1739 2325 dominum
1754 2251 1900 2348 patriur-

384 2461 388 2471 .
487 2375 589 2448 cham
613 2385 648 2448 et
669 2374 801 2447 dietum
822 2375 1002 2449 dominnm
1022 2377 1198 2470 comitem,
1217 2387 1253 2450 et
1273 2377 1483 2475 specialiter,
1502 2385 1570 2451 etc.
1590 2371 1767 2474 [Sequitur
1788 2376 1899 2452 lorma

487 2499 725 2596 compromissi
738 2519 829 2593 quae
844 2500 1046 2572 minuerem
1059 2509 1214 2573 nostram
1229 2497 1397 2600 attingit]

536 2623 608 2718 Ego
621 2622 862 2717 Bonjobannes
877 2623 922 2696 de
934 2623 1103 2698 Omnibus
1118 2625 1251 2698 Sanctis
1264 2624 1309 2698 de
1322 2625 1440 2699 Padua
1457 2623 1590 2698 domini
1607 2622 1770 2697 Friderici
1788 2622 1897 2718 impe·

488 2749 610 2821 ratoris
623 2748 778 2823 notarius
793 2747 933 2820 interlui
947 2759 983 2820 et
995 2758 1138 2842 rogatus
1153 2748 1286 2845 scripsi.

344 3367 358 3399 ,
422 3329 429 3395 t
541 3293 782 3376 Innocentius
812 3319 911 3402 papa
949 3292 1162 3401 episcopis,
1202 3290 1405 3377 abbatibus
1432 3291 1689 3403 omnibusque
1724 3291 1900 3402 personis

488 3427 748 3510 ecclesiasticis
774 3452 842 3536 per
865 3426 1144 3510 Anconitanum
1166 3425 1378 3510 marchiam
1395 3435 1433 3509 et
1449 3425 1631 3510 ducatum
1650 3424 1899 3536 Spoletunum

489 3561 701 3644 constitutis
716 3559 886 3643 notificet
901 3587 940 3642 se
953 3586 1024 3670 pro
1041 3585 1162 3670 regno
1180 3559 1329 3642 Siciliae
1341 3557 1588 3642 reformando
1600 3568 1639 3642 et
1656 3585 1680 3642 a
1697 3557 1898 3670 tyrannide

488 3691 667 3775 Fridcrici
697 3691 915 3798 liberando,
943 3691 1111 3776 officium
1141 3691 1342 3801 legationis
1369 3690 1479 3776 Petro
1506 3691 1634 3776 Sancti
1665 3689 1816 3802 Georgii
1848 3689 1898 3773 ad

488 3825 623 3910 Velum
643 3827 812 3910 Aureum
837 3827 999 3910 diacono
1031 3824 1215 3908 cardinali
1247 3825 1484 3910 commisisse
1510 3852 1601 3911 cum
1625 3823 1784 3909 rectoria
1812 3823 1899 3908 An-

487 3959 685 4044 conitanae
709 3959 900 4043 marchiae
923 3969 961 4043 et
981 3959 1143 4043 ducatus
1160 3958 1367 4068 Spoletani.

569 4173 695 4254 (lncdlt.
717 4192 756 4236 ex
774 4175 841 4238 cod.
855 4174 933 4237 Blbl.
948 4174 1047 4237 cerm.
1065 4175 1173 4250 Perta,
1186 4171 1352 4256 amsans
1365 4171 1461 4248 bris,
1480 4183 1515 4237 n·
1535 4182 1626 4249 soso,
1653 4173 1758 4237 litter.
1778 4171 1896 4250 curto,

607 4297 679 4344 ann.
695 4281 749 4356 VI,
764 4290 798 4342 n⁰
814 4279 879 4360 π.)

535 4468 767 4559 Innocentius,
781 4476 865 4560 etc,
883 4467 1066 4563 episeopis,
1087 4466 1284 4555 abbatibus,
1303 4466 1490 4564 prioribus,
1505 4466 1772 4558 archidiaconis,
1788 4463 1906 4562 srulrh

486 4590 684 4687 presbiteris
700 4601 737 4664 et
750 4591 827 4663 aliis
841 4591 1072 4664 Ecclesiamm
1089 4591 1231 4686 prelatis
1246 4611 1383 4664 necnon
1401 4590 1525 4664 ostem
1540 4590 1697 4688 personis
1714 4589 1896 4664 ecclesius·

488 4713 563 4788 licis
576 4723 648 4786 tam
659 4715 827 4809 religiosis
837 4736 943 4811 mam
954 4715 1182 4806 secularibus,
1198 4715 1369 4811 exemptis
1381 4725 1416 4788 et
1427 4736 1498 4788 non
1509 4715 1696 4810 exemptis,
1709 4713 1896 4810 perAnoo·
