<?xml version="1.0" encoding="UTF-8"?>
<!DOCTYPE html PUBLIC "-//W3C//DTD XHTML 1.0 Transitional//EN"
    "http://www.w3.org/TR/xhtml1/DTD/xhtml1-transitional.dtd">
<html xmlns="http://www.w3.org/1999/xhtml" xml:lang="en" lang="en">
 <head>
  <title>
</title>
<meta http-equiv="Content-Type" content="text/html;charset=utf-8" />
  <meta name='ocr-system' content='tesseract 3.04.00' />
  <meta name='ocr-capabilities' content='ocr_page ocr_carea ocr_par ocr_line ocrx_word'/>
</head>
<body>
  <div class='ocr_page' id='page_1' title='image "./historiadiploma00fredgoog/historiadiploma00fredgoog_0224.png"; bbox 0 0 4310 5908; ppageno 0'>
   <div class='ocr_carea' id='block_1_1' title="bbox 243 627 1650 714">
    <p class='ocr_par' dir='ltr' id='par_1_1' title="bbox 243 627 1650 714">
     <span class='ocr_line' id='line_1_1' title="bbox 243 627 1650 714; baseline -0.003 -18"><span class='ocrx_word' id='word_1_1' title='bbox 243 632 406 714; x_wconf 82' lang='lat' dir='ltr'>irnrcr.8.]</span> <span class='ocrx_word' id='word_1_2' title='bbox 437 695 440 701; x_wconf 83' lang='grc'>,</span> <span class='ocrx_word' id='word_1_3' title='bbox 686 627 882 691; x_wconf 80' lang='lat' dir='ltr'>HISTORIA</span> <span class='ocrx_word' id='word_1_4' title='bbox 907 627 1199 692; x_wconf 68' lang='lat' dir='ltr'>cinomanica,</span> <span class='ocrx_word' id='word_1_5' title='bbox 1589 630 1650 692; x_wconf 80' lang='lat'>&#39;159</span> 
     </span>
    </p>
   </div>
   <div class='ocr_carea' id='block_1_2' title="bbox 108 763 1648 878">
    <p class='ocr_par' dir='ltr' id='par_1_2' title="bbox 108 763 1648 878">
     <span class='ocr_line' id='line_1_2' title="bbox 108 763 1648 878; baseline -0.002 -37"><span class='ocrx_word' id='word_1_6' title='bbox 108 868 112 878; x_wconf 89' lang='lat'><em>.</em></span> <span class='ocrx_word' id='word_1_7' title='bbox 243 769 337 841; x_wconf 89' lang='lat' dir='ltr'>rialis</span> <span class='ocrx_word' id='word_1_8' title='bbox 356 766 570 860; x_wconf 87' lang='lat' dir='ltr'>corioquam</span> <span class='ocrx_word' id='word_1_9' title='bbox 588 764 735 861; x_wconf 76' lang='lat' dir='ltr'>predicti</span> <span class='ocrx_word' id='word_1_10' title='bbox 749 776 941 838; x_wconf 89' lang='lat' dir='ltr'>conventus</span> <span class='ocrx_word' id='word_1_11' title='bbox 954 766 1140 856; x_wconf 79' lang='lat' dir='ltr'><strong>cautelam,</strong></span> <span class='ocrx_word' id='word_1_12' title='bbox 1157 763 1224 836; x_wconf 91' lang='lat' dir='ltr'>hoe</span> <span class='ocrx_word' id='word_1_13' title='bbox 1241 763 1420 860; x_wconf 89' lang='lat' dir='ltr'>publicum</span> <span class='ocrx_word' id='word_1_14' title='bbox 1438 765 1648 838; x_wconf 88' lang='lat' dir='ltr'>instrumen-</span> 
     </span>
    </p>
   </div>
   <div class='ocr_carea' id='block_1_3' title="bbox 242 886 1652 1606">
    <p class='ocr_par' dir='ltr' id='par_1_3' title="bbox 242 886 1652 1606">
     <span class='ocr_line' id='line_1_3' title="bbox 246 886 1650 987; baseline -0.003 -23"><span class='ocrx_word' id='word_1_15' title='bbox 246 904 318 964; x_wconf 85' lang='lat' dir='ltr'>inm</span> <span class='ocrx_word' id='word_1_16' title='bbox 335 913 398 987; x_wconf 89' lang='lat' dir='ltr'>per</span> <span class='ocrx_word' id='word_1_17' title='bbox 412 912 537 962; x_wconf 88' lang='lat' dir='ltr'>manus</span> <span class='ocrx_word' id='word_1_18' title='bbox 552 889 698 961; x_wconf 83' lang='lat' dir='ltr'>Pascasii</span> <span class='ocrx_word' id='word_1_19' title='bbox 715 890 840 962; x_wconf 87' lang='lat' dir='ltr'>notarii</span> <span class='ocrx_word' id='word_1_20' title='bbox 861 888 986 984; x_wconf 82' lang='lat' dir='ltr'>prefati</span> <span class='ocrx_word' id='word_1_21' title='bbox 1005 909 1070 982; x_wconf 79' lang='lat' dir='ltr'>ego</span> <span class='ocrx_word' id='word_1_22' title='bbox 1091 887 1269 983; x_wconf 89' lang='lat' dir='ltr'>predictus</span> <span class='ocrx_word' id='word_1_23' title='bbox 1287 887 1404 981; x_wconf 68' lang='lat' dir='ltr'>&#39;judex</span> <span class='ocrx_word' id='word_1_24' title='bbox 1424 886 1552 961; x_wconf 85' lang='lat' dir='ltr'>exinde</span> <span class='ocrx_word' id='word_1_25' title='bbox 1575 886 1650 960; x_wconf 87' lang='lat' dir='ltr'>fieri</span> 
     </span>
     <span class='ocr_line' id='line_1_4' title="bbox 245 1011 1652 1110; baseline -0.001 -24"><span class='ocrx_word' id='word_1_26' title='bbox 245 1015 310 1088; x_wconf 89' lang='lat' dir='ltr'>ieci</span> <span class='ocrx_word' id='word_1_27' title='bbox 332 1012 641 1110; x_wconf 80' lang='lat' dir='ltr'>subscriptionibus</span> <span class='ocrx_word' id='word_1_28' title='bbox 661 1013 788 1086; x_wconf 86' lang='lat' dir='ltr'>nostris</span> <span class='ocrx_word' id='word_1_29' title='bbox 812 1013 873 1107; x_wconf 84' lang='lat' dir='ltr'>qni</span> <span class='ocrx_word' id='word_1_30' title='bbox 893 1033 998 1107; x_wconf 89' lang='lat' dir='ltr'>supra</span> <span class='ocrx_word' id='word_1_31' title='bbox 1013 1011 1141 1103; x_wconf 85' lang='lat' dir='ltr'>judicis</span> <span class='ocrx_word' id='word_1_32' title='bbox 1161 1021 1198 1083; x_wconf 89' lang='lat' dir='ltr'>ot</span> <span class='ocrx_word' id='word_1_33' title='bbox 1217 1011 1453 1106; x_wconf 88' lang='lat' dir='ltr'>predictorum</span> <span class='ocrx_word' id='word_1_34' title='bbox 1473 1011 1598 1084; x_wconf 88' lang='lat' dir='ltr'>notarii</span> <span class='ocrx_word' id='word_1_35' title='bbox 1616 1021 1652 1084; x_wconf 91' lang='lat' dir='ltr'>et</span> 
     </span>
     <span class='ocr_line' id='line_1_5' title="bbox 245 1135 1651 1232; baseline -0.004 -19"><span class='ocrx_word' id='word_1_36' title='bbox 245 1140 384 1214; x_wconf 83' lang='lat' dir='ltr'>testium</span> <span class='ocrx_word' id='word_1_37' title='bbox 401 1137 614 1210; x_wconf 87' lang='lat' dir='ltr'>roboratum.</span> <span class='ocrx_word' id='word_1_38' title='bbox 636 1137 709 1210; x_wconf 89' lang='lat' dir='ltr'>Hoc</span> <span class='ocrx_word' id='word_1_39' title='bbox 731 1136 897 1232; x_wconf 84' lang='lat' dir='ltr'>scriptum</span> <span class='ocrx_word' id='word_1_40' title='bbox 915 1135 1035 1230; x_wconf 86' lang='lat' dir='ltr'>scripsi</span> <span class='ocrx_word' id='word_1_41' title='bbox 1053 1144 1089 1206; x_wconf 91' lang='lat' dir='ltr'>et</span> <span class='ocrx_word' id='word_1_42' title='bbox 1103 1156 1182 1207; x_wconf 88' lang='lat' dir='ltr'>meo</span> <span class='ocrx_word' id='word_1_43' title='bbox 1204 1144 1370 1206; x_wconf 87' lang='lat' dir='ltr'>consueto</span> <span class='ocrx_word' id='word_1_44' title='bbox 1394 1135 1495 1228; x_wconf 80' lang='lat' dir='ltr'>signo</span> <span class='ocrx_word' id='word_1_45' title='bbox 1517 1135 1651 1228; x_wconf 79' lang='lat' dir='ltr'>signavi</span> 
     </span>
     <span class='ocr_line' id='line_1_6' title="bbox 245 1259 1651 1357; baseline -0.002 -22"><span class='ocrx_word' id='word_1_46' title='bbox 245 1285 310 1357; x_wconf 83' lang='lat' dir='ltr'>ago</span> <span class='ocrx_word' id='word_1_47' title='bbox 340 1261 519 1335; x_wconf 84' lang='lat' dir='ltr'>Pascasius</span> <span class='ocrx_word' id='word_1_48' title='bbox 544 1261 698 1333; x_wconf 87' lang='lat' dir='ltr'>notarius</span> <span class='ocrx_word' id='word_1_49' title='bbox 727 1271 762 1332; x_wconf 91' lang='lat' dir='ltr'>et</span> <span class='ocrx_word' id='word_1_50' title='bbox 787 1260 928 1333; x_wconf 85' lang='lat' dir='ltr'>interfui</span> <span class='ocrx_word' id='word_1_51' title='bbox 951 1260 1079 1354; x_wconf 66' lang='lat' dir='ltr'>capue.</span> <span class='ocrx_word' id='word_1_52' title='bbox 1095 1259 1231 1352; x_wconf 79' lang='lat' dir='ltr'>-Ego</span> <span class='ocrx_word' id='word_1_53' title='bbox 1255 1259 1315 1353; x_wconf 94' lang='lat' dir='ltr'>qui</span> <span class='ocrx_word' id='word_1_54' title='bbox 1345 1281 1450 1355; x_wconf 85' lang='lat' dir='ltr'>supra</span> <span class='ocrx_word' id='word_1_55' title='bbox 1477 1259 1651 1332; x_wconf 83' lang='lat' dir='ltr'>iohannes</span> 
     </span>
     <span class='ocr_line' id='line_1_7' title="bbox 242 1381 1650 1480; baseline -0.004 -22"><span class='ocrx_word' id='word_1_56' title='bbox 242 1387 363 1480; x_wconf 63' lang='lat' dir='ltr'>jndere</span> <span class='ocrx_word' id='word_1_57' title='bbox 388 1425 440 1439; x_wconf 98' lang='lat'>—</span> <span class='ocrx_word' id='word_1_58' title='bbox 460 1385 533 1477; x_wconf 80' lang='lat' dir='ltr'>Ego</span> <span class='ocrx_word' id='word_1_59' title='bbox 554 1383 726 1456; x_wconf 87' lang='lat' dir='ltr'>iohannes</span> <span class='ocrx_word' id='word_1_60' title='bbox 757 1383 912 1456; x_wconf 89' lang='lat' dir='ltr'>notarius</span> <span class='ocrx_word' id='word_1_61' title='bbox 934 1381 1030 1454; x_wconf 87' lang='lat' dir='ltr'>testie</span> <span class='ocrx_word' id='word_1_62' title='bbox 1059 1381 1212 1454; x_wconf 86' lang='lat' dir='ltr'>interfui.</span> <span class='ocrx_word' id='word_1_63' title='bbox 1234 1421 1284 1434; x_wconf 95' lang='lat'>—</span> <span class='ocrx_word' id='word_1_64' title='bbox 1303 1381 1376 1475; x_wconf 80' lang='lat' dir='ltr'>Ego</span> <span class='ocrx_word' id='word_1_65' title='bbox 1399 1381 1575 1454; x_wconf 86' lang='lat' dir='ltr'>iohannes</span> <span class='ocrx_word' id='word_1_66' title='bbox 1604 1383 1650 1456; x_wconf 91' lang='lat' dir='ltr'>dc</span> 
     </span>
     <span class='ocr_line' id='line_1_8' title="bbox 245 1507 737 1606; baseline -0.008 -22"><span class='ocrx_word' id='word_1_67' title='bbox 245 1510 363 1584; x_wconf 81' lang='lat' dir='ltr'>Ancon</span> <span class='ocrx_word' id='word_1_68' title='bbox 380 1507 456 1606; x_wconf 81' lang='lat' dir='ltr'>(sic)</span> <span class='ocrx_word' id='word_1_69' title='bbox 474 1507 570 1582; x_wconf 84' lang='lat' dir='ltr'>testis</span> <span class='ocrx_word' id='word_1_70' title='bbox 582 1507 737 1580; x_wconf 82' lang='lat' dir='ltr'>interfui.</span> 
     </span>
    </p>
   </div>
   <div class='ocr_carea' id='block_1_4' title="bbox 301 2080 1810 2192">
    <p class='ocr_par' dir='ltr' id='par_1_4' title="bbox 301 2080 1810 2192">
     <span class='ocr_line' id='line_1_9' title="bbox 301 2080 1810 2192; baseline 0.003 -28"><span class='ocrx_word' id='word_1_71' title='bbox 301 2081 531 2190; x_wconf 73' lang='lat' dir='ltr'>eudemus,</span> <span class='ocrx_word' id='word_1_72' title='bbox 569 2080 830 2165; x_wconf 87' lang='lat' dir='ltr'>Romanorum</span> <span class='ocrx_word' id='word_1_73' title='bbox 866 2082 1089 2192; x_wconf 87' lang='lat' dir='ltr'>imperator,</span> <span class='ocrx_word' id='word_1_74' title='bbox 1126 2081 1313 2166; x_wconf 87' lang='lat' dir='ltr'>Ruinaldo</span> <span class='ocrx_word' id='word_1_75' title='bbox 1361 2083 1409 2167; x_wconf 89' lang='lat' dir='ltr'>de</span> <span class='ocrx_word' id='word_1_76' title='bbox 1450 2083 1653 2168; x_wconf 86' lang='lat' dir='ltr'>Brnniorte</span> <span class='ocrx_word' id='word_1_77' title='bbox 1733 2115 1810 2169; x_wconf 69' lang='lat' dir='ltr'>ame</span> 
     </span>
    </p>
   </div>
   <div class='ocr_carea' id='block_1_5' title="bbox 247 2215 1654 2698">
    <p class='ocr_par' dir='ltr' id='par_1_5' title="bbox 247 2215 1654 2698">
     <span class='ocr_line' id='line_1_10' title="bbox 247 2215 1654 2326; baseline 0.003 -30"><span class='ocrx_word' id='word_1_78' title='bbox 247 2215 510 2298; x_wconf 89' lang='lat' dir='ltr'>auctoritatem</span> <span class='ocrx_word' id='word_1_79' title='bbox 532 2215 704 2299; x_wconf 88' lang='lat' dir='ltr'>concedit</span> <span class='ocrx_word' id='word_1_80' title='bbox 729 2217 834 2326; x_wconf 92' lang='lat' dir='ltr'>quod</span> <span class='ocrx_word' id='word_1_81' title='bbox 858 2215 1120 2299; x_wconf 77' lang='lat' dir='ltr'><strong>universitates</strong></span> <span class='ocrx_word' id='word_1_82' title='bbox 1146 2226 1185 2299; x_wconf 90' lang='lat' dir='ltr'>et</span> <span class='ocrx_word' id='word_1_83' title='bbox 1213 2215 1385 2326; x_wconf 82' lang='lat' dir='ltr'>singulos</span> <span class='ocrx_word' id='word_1_84' title='bbox 1413 2216 1461 2299; x_wconf 88' lang='lat' dir='ltr'>do</span> <span class='ocrx_word' id='word_1_85' title='bbox 1486 2216 1654 2301; x_wconf 86' lang='lat' dir='ltr'>Marchia</span> 
     </span>
     <span class='ocr_line' id='line_1_11' title="bbox 248 2347 1652 2462; baseline 0.001 -33"><span class='ocrx_word' id='word_1_86' title='bbox 248 2347 373 2456; x_wconf 92' lang='lat' dir='ltr'>quiin</span> <span class='ocrx_word' id='word_1_87' title='bbox 392 2373 504 2429; x_wconf 89' lang='lat' dir='ltr'>suam</span> <span class='ocrx_word' id='word_1_88' title='bbox 521 2347 637 2430; x_wconf 90' lang='lat' dir='ltr'>fidem</span> <span class='ocrx_word' id='word_1_89' title='bbox 656 2349 822 2432; x_wconf 85' lang='lat' dir='ltr'>converti</span> <span class='ocrx_word' id='word_1_90' title='bbox 839 2348 1041 2456; x_wconf 82' lang='lat' dir='ltr'>voluerint,</span> <span class='ocrx_word' id='word_1_91' title='bbox 1062 2348 1216 2432; x_wconf 91' lang='lat' dir='ltr'>nomine</span> <span class='ocrx_word' id='word_1_92' title='bbox 1242 2373 1312 2432; x_wconf 83' lang='lat' dir='ltr'>suo</span> <span class='ocrx_word' id='word_1_93' title='bbox 1340 2374 1473 2432; x_wconf 88' lang='lat' dir='ltr'>rursus</span> <span class='ocrx_word' id='word_1_94' title='bbox 1492 2349 1532 2431; x_wconf 94' lang='lat' dir='ltr'>in</span> <span class='ocrx_word' id='word_1_95' title='bbox 1554 2376 1652 2462; x_wconf 87' lang='lat' dir='ltr'>gra-</span> 
     </span>
     <span class='ocr_line' id='line_1_12' title="bbox 248 2467 1654 2590; baseline 0.004 -28"><span class='ocrx_word' id='word_1_96' title='bbox 248 2481 341 2562; x_wconf 87' lang='lat' dir='ltr'>tiam</span> <span class='ocrx_word' id='word_1_97' title='bbox 372 2479 528 2589; x_wconf 86' lang='lat' dir='ltr'>recipiat</span> <span class='ocrx_word' id='word_1_98' title='bbox 558 2479 688 2590; x_wconf 90' lang='lat' dir='ltr'>eisque</span> <span class='ocrx_word' id='word_1_99' title='bbox 723 2479 885 2564; x_wconf 87' lang='lat' dir='ltr'>offensas</span> <span class='ocrx_word' id='word_1_100' title='bbox 913 2490 1046 2566; x_wconf 84' lang='lat' dir='ltr'>contra</span> <span class='ocrx_word' id='word_1_101' title='bbox 1074 2507 1115 2566; x_wconf 84' lang='lat' dir='ltr'>se</span> <span class='ocrx_word' id='word_1_102' title='bbox 1139 2491 1178 2564; x_wconf 91' lang='lat' dir='ltr'>et</span> <span class='ocrx_word' id='word_1_103' title='bbox 1205 2467 1405 2590; x_wconf 85' lang='lat' dir='ltr'>imperium</span> <span class='ocrx_word' id='word_1_104' title='bbox 1430 2485 1654 2568; x_wconf 85' lang='lat' dir='ltr'>commissas</span> 
     </span>
     <span class='ocr_line' id='line_1_13' title="bbox 248 2611 592 2698; baseline 0.003 -3"><span class='ocrx_word' id='word_1_105' title='bbox 248 2612 437 2696; x_wconf 73' lang='lat' dir='ltr'>remittere</span> <span class='ocrx_word' id='word_1_106' title='bbox 458 2611 592 2698; x_wconf 84' lang='lat' dir='ltr'>valeat</span> 
     </span>
    </p>
   </div>
   <div class='ocr_carea' id='block_1_6' title="bbox 331 2851 1655 3036">
    <p class='ocr_par' dir='ltr' id='par_1_6' title="bbox 331 2851 1655 3036">
     <span class='ocr_line' id='line_1_14' title="bbox 331 2851 1655 2936; baseline 0.006 -22"><span class='ocrx_word' id='word_1_107' title='bbox 331 2853 503 2932; x_wconf 81' lang='lat' dir='ltr'>(Memorat.</span> <span class='ocrx_word' id='word_1_108' title='bbox 516 2870 565 2931; x_wconf 81' lang='lat' dir='ltr'>ap.</span> <span class='ocrx_word' id='word_1_109' title='bbox 578 2853 738 2931; x_wconf 82' lang='lat' dir='ltr'>Bonam,</span> <span class='ocrx_word' id='word_1_110' title='bbox 753 2851 866 2935; x_wconf 68' lang='lat' dir='ltr'>Requi.</span> <span class='ocrx_word' id='word_1_111' title='bbox 880 2853 997 2934; x_wconf 63' lang='lat' dir='ltr'>imper„</span> <span class='ocrx_word' id='word_1_112' title='bbox 1012 2871 1042 2932; x_wconf 80' lang='lat' dir='ltr'>p.</span> <span class='ocrx_word' id='word_1_113' title='bbox 1059 2862 1130 2934; x_wconf 78' lang='lat'><strong>²09,</strong></span> <span class='ocrx_word' id='word_1_114' title='bbox 1142 2865 1175 2916; x_wconf 90' lang='lat' dir='ltr'>n·</span> <span class='ocrx_word' id='word_1_115' title='bbox 1191 2862 1281 2931; x_wconf 77' lang='lat' dir='ltr'>iiio,</span> <span class='ocrx_word' id='word_1_116' title='bbox 1291 2872 1329 2917; x_wconf 85' lang='lat' dir='ltr'>cx</span> <span class='ocrx_word' id='word_1_117' title='bbox 1343 2860 1428 2935; x_wconf 81' lang='lat' dir='ltr'>copia</span> <span class='ocrx_word' id='word_1_118' title='bbox 1437 2856 1543 2920; x_wconf 82' lang='lat' dir='ltr'>decimi</span> <span class='ocrx_word' id='word_1_119' title='bbox 1556 2862 1655 2936; x_wconf 77' lang='lat' dir='ltr'>octavi</span> 
     </span>
     <span class='ocr_line' id='line_1_15' title="bbox 368 2959 978 3036; baseline -0.003 -12"><span class='ocrx_word' id='word_1_120' title='bbox 368 2963 458 3024; x_wconf 81' lang='lat' dir='ltr'>eeculi</span> <span class='ocrx_word' id='word_1_121' title='bbox 470 2963 503 3021; x_wconf 90' lang='lat' dir='ltr'>in</span> <span class='ocrx_word' id='word_1_122' title='bbox 515 2960 636 3022; x_wconf 83' lang='lat' dir='ltr'>archivo</span> <span class='ocrx_word' id='word_1_123' title='bbox 650 2961 790 3022; x_wconf 77' lang='lat' dir='ltr'>Firmano</span> <span class='ocrx_word' id='word_1_124' title='bbox 803 2959 978 3036; x_wconf 80' lang='lat' dir='ltr'>maerente.)</span> 
     </span>
    </p>
   </div>
   <div class='ocr_carea' id='block_1_7' title="bbox 254 3145 1653 3346">
    <p class='ocr_par' dir='ltr' id='par_1_7' title="bbox 254 3145 1653 3346">
     <span class='ocr_line' id='line_1_16' title="bbox 296 3145 1653 3242; baseline 0.001 -21"><span class='ocrx_word' id='word_1_125' title='bbox 296 3152 422 3221; x_wconf 88' lang='lat' dir='ltr'>Datum</span> <span class='ocrx_word' id='word_1_126' title='bbox 433 3145 552 3238; x_wconf 74' lang='lat' dir='ltr'>Fogie,</span> <span class='ocrx_word' id='word_1_127' title='bbox 567 3166 660 3220; x_wconf 88' lang='lat' dir='ltr'>anno</span> <span class='ocrx_word' id='word_1_128' title='bbox 673 3146 849 3220; x_wconf 87' lang='lat' dir='ltr'>Dominice</span> <span class='ocrx_word' id='word_1_129' title='bbox 863 3146 1109 3220; x_wconf 87' lang='lat' dir='ltr'>incarnationis</span> <span class='ocrx_word' id='word_1_130' title='bbox 1122 3148 1324 3239; x_wconf 69' lang='lat' dir='ltr'>dccxcix,</span> <span class='ocrx_word' id='word_1_131' title='bbox 1341 3170 1460 3222; x_wconf 87' lang='lat' dir='ltr'>mense</span> <span class='ocrx_word' id='word_1_132' title='bbox 1474 3150 1653 3242; x_wconf 77' lang='lat' dir='ltr'>februarii,</span> 
     </span>
     <span class='ocr_line' id='line_1_17' title="bbox 254 3272 590 3346; baseline -0.006 -3"><span class='ocrx_word' id='word_1_133' title='bbox 254 3272 438 3346; x_wconf 80' lang='lat' dir='ltr'>indictione</span> <span class='ocrx_word' id='word_1_134' title='bbox 453 3278 590 3342; x_wconf 85' lang='lat' dir='ltr'>octava.</span> 
     </span>
    </p>
   </div>
   <div class='ocr_carea' id='block_1_8' title="bbox 248 3836 1655 4348">
    <p class='ocr_par' dir='ltr' id='par_1_8' title="bbox 248 3836 1655 4348">
     <span class='ocr_line' id='line_1_18' title="bbox 304 3836 1653 3948; baseline 0.01 -30"><span class='ocrx_word' id='word_1_135' title='bbox 304 3836 537 3943; x_wconf 60' lang='lat' dir='ltr'>inidoneum</span> <span class='ocrx_word' id='word_1_136' title='bbox 556 3839 815 3923; x_wconf 88' lang='lat' dir='ltr'>Romanorum</span> <span class='ocrx_word' id='word_1_137' title='bbox 839 3839 1058 3948; x_wconf 84' lang='lat' dir='ltr'>imperator,</span> <span class='ocrx_word' id='word_1_138' title='bbox 1087 3840 1301 3925; x_wconf 88' lang='lat' dir='ltr'>Cumanum</span> <span class='ocrx_word' id='word_1_139' title='bbox 1327 3842 1533 3930; x_wconf 88' lang='lat' dir='ltr'>Romaniae</span> <span class='ocrx_word' id='word_1_140' title='bbox 1557 3848 1653 3930; x_wconf 87' lang='lat' dir='ltr'>des·-</span> 
     </span>
     <span class='ocr_line' id='line_1_19' title="bbox 248 3972 1655 4086; baseline 0.004 -28"><span class='ocrx_word' id='word_1_141' title='bbox 248 3979 378 4076; x_wconf 83' lang='lat' dir='ltr'>pciem</span> <span class='ocrx_word' id='word_1_142' title='bbox 415 3981 545 4054; x_wconf 87' lang='lat' dir='ltr'>monet</span> <span class='ocrx_word' id='word_1_143' title='bbox 581 3998 622 4054; x_wconf 86' lang='lat' dir='ltr'>se</span> <span class='ocrx_word' id='word_1_144' title='bbox 657 3972 827 4082; x_wconf 91' lang='lat' dir='ltr'>undique</span> <span class='ocrx_word' id='word_1_145' title='bbox 864 3972 992 4080; x_wconf 86' lang='lat' dir='ltr'>copiae</span> <span class='ocrx_word' id='word_1_146' title='bbox 1025 3999 1231 4058; x_wconf 85' lang='lat' dir='ltr'>convocare</span> <span class='ocrx_word' id='word_1_147' title='bbox 1272 4001 1360 4058; x_wconf 90' lang='lat' dir='ltr'>cum</span> <span class='ocrx_word' id='word_1_148' title='bbox 1396 3976 1536 4086; x_wconf 87' lang='lat' dir='ltr'>quibus</span> <span class='ocrx_word' id='word_1_149' title='bbox 1569 4005 1655 4064; x_wconf 80' lang='lat' dir='ltr'>vere</span> 
     </span>
     <span class='ocr_line' id='line_1_20' title="bbox 252 4102 1655 4220; baseline 0.006 -34"><span class='ocrx_word' id='word_1_150' title='bbox 252 4103 425 4210; x_wconf 86' lang='lat' dir='ltr'>proximo</span> <span class='ocrx_word' id='word_1_151' title='bbox 462 4102 502 4184; x_wconf 90' lang='lat' dir='ltr'>in</span> <span class='ocrx_word' id='word_1_152' title='bbox 538 4103 666 4188; x_wconf 84' lang='lat' dir='ltr'>hostes</span> <span class='ocrx_word' id='word_1_153' title='bbox 698 4130 790 4188; x_wconf 85' lang='lat' dir='ltr'>suos</span> <span class='ocrx_word' id='word_1_154' title='bbox 820 4107 1021 4214; x_wconf 88' lang='lat' dir='ltr'>procedere</span> <span class='ocrx_word' id='word_1_155' title='bbox 1056 4104 1237 4215; x_wconf 86' lang='lat' dir='ltr'>decrevit,</span> <span class='ocrx_word' id='word_1_156' title='bbox 1267 4118 1514 4217; x_wconf 82' lang='lat' dir='ltr'>precaturque</span> <span class='ocrx_word' id='word_1_157' title='bbox 1549 4112 1655 4220; x_wconf 91' lang='lat' dir='ltr'>quod</span> 
     </span>
     <span class='ocr_line' id='line_1_21' title="bbox 252 4234 1652 4348; baseline 0.006 -34"><span class='ocrx_word' id='word_1_158' title='bbox 252 4234 504 4342; x_wconf 81' lang='lat' dir='ltr'>stipendiariis</span> <span class='ocrx_word' id='word_1_159' title='bbox 533 4261 631 4345; x_wconf 85' lang='lat' dir='ltr'>quos</span> <span class='ocrx_word' id='word_1_160' title='bbox 652 4234 716 4317; x_wconf 71' lang='lat' dir='ltr'>ad‘</span> <span class='ocrx_word' id='word_1_161' title='bbox 729 4261 770 4318; x_wconf 87' lang='lat' dir='ltr'>ee</span> <span class='ocrx_word' id='word_1_162' title='bbox 793 4235 982 4320; x_wconf 78' lang='lat' dir='ltr'>lohannes</span> <span class='ocrx_word' id='word_1_163' title='bbox 1010 4236 1216 4346; x_wconf 86' lang='lat' dir='ltr'>imperator</span> <span class='ocrx_word' id='word_1_164' title='bbox 1240 4238 1427 4322; x_wconf 86' lang='lat' dir='ltr'>destinare</span> <span class='ocrx_word' id='word_1_165' title='bbox 1454 4253 1652 4348; x_wconf 86' lang='lat' dir='ltr'>procurat,</span> 
     </span>
    </p>
   </div>
   <div class='ocr_carea' id='block_1_9' title="bbox 253 4365 1654 4604">
    <p class='ocr_par' dir='ltr' id='par_1_9' title="bbox 253 4365 1654 4604">
     <span class='ocr_line' id='line_1_22' title="bbox 253 4365 1654 4582; baseline 0.004 -136"><span class='ocrx_word' id='word_1_166' title='bbox 253 4365 332 4474; x_wconf 87' lang='lat' dir='ltr'>ipse</span> <span class='ocrx_word' id='word_1_167' title='bbox 344 4391 421 4582; x_wconf 53' lang='lat' dir='ltr'><em>g</em></span> <span class='ocrx_word' id='word_1_168' title='bbox 442 4379 569 4476; x_wconf 84' lang='lat' dir='ltr'>partes</span> <span class='ocrx_word' id='word_1_169' title='bbox 597 4369 805 4452; x_wconf 88' lang='lat' dir='ltr'>Romaniee</span> <span class='ocrx_word' id='word_1_170' title='bbox 826 4393 948 4478; x_wconf 89' lang='lat' dir='ltr'>usque</span> <span class='ocrx_word' id='word_1_171' title='bbox 974 4368 1224 4479; x_wconf 84' lang='lat' dir='ltr'>Dyrrachium</span> <span class='ocrx_word' id='word_1_172' title='bbox 1250 4396 1425 4454; x_wconf 86' lang='lat' dir='ltr'>securum</span> <span class='ocrx_word' id='word_1_173' title='bbox 1452 4371 1654 4455; x_wconf 71' lang='lat' dir='ltr'>censitum</span> 
     </span>
     <span class='ocr_line' id='line_1_23' title="bbox 254 4509 445 4604; baseline 0.01 -25"><span class='ocrx_word' id='word_1_174' title='bbox 254 4522 343 4604; x_wconf 88' lang='lat' dir='ltr'>prae</span> <span class='ocrx_word' id='word_1_175' title='bbox 416 4509 445 4581; x_wconf 88' lang='lat' dir='ltr'>t.</span> 
     </span>
    </p>
   </div>
   <div class='ocr_carea' id='block_1_10' title="bbox 331 4711 1652 4795">
    <p class='ocr_par' dir='ltr' id='par_1_10' title="bbox 331 4711 1652 4795">
     <span class='ocr_line' id='line_1_24' title="bbox 331 4711 1652 4795; baseline 0.005 -21"><span class='ocrx_word' id='word_1_176' title='bbox 331 4711 521 4793; x_wconf 73' lang='lat' dir='ltr'>(versionem</span> <span class='ocrx_word' id='word_1_177' title='bbox 536 4730 671 4794; x_wconf 78' lang='lat' dir='ltr'>graecam</span> <span class='ocrx_word' id='word_1_178' title='bbox 687 4715 785 4777; x_wconf 79' lang='lat' dir='ltr'>aeonio</span> <span class='ocrx_word' id='word_1_179' title='bbox 800 4717 886 4776; x_wconf 84' lang='lat' dir='ltr'>tertio</span> <span class='ocrx_word' id='word_1_180' title='bbox 901 4713 1015 4776; x_wconf 87' lang='lat' dir='ltr'>decimo</span> <span class='ocrx_word' id='word_1_181' title='bbox 1028 4721 1180 4777; x_wconf 86' lang='lat' dir='ltr'>exaratam</span> <span class='ocrx_word' id='word_1_182' title='bbox 1197 4715 1286 4794; x_wconf 72' lang='lat' dir='ltr'>huius</span> <span class='ocrx_word' id='word_1_183' title='bbox 1299 4713 1435 4793; x_wconf 75' lang='lat' dir='ltr'>epistolae</span> <span class='ocrx_word' id='word_1_184' title='bbox 1449 4716 1536 4778; x_wconf 85' lang='lat' dir='ltr'>hodie</span> <span class='ocrx_word' id='word_1_185' title='bbox 1551 4717 1652 4795; x_wconf 86' lang='lat' dir='ltr'>deper-</span> 
     </span>
    </p>
   </div>
   <div class='ocr_carea' id='block_1_11' title="bbox 0 0 2171 5908">
    <p class='ocr_par' dir='ltr' id='par_1_11' title="bbox 0 0 2171 5908">
     <span class='ocr_line' id='line_1_25' title="bbox 0 0 2171 5908; baseline 0 0"><span class='ocrx_word' id='word_1_186' title='bbox 0 0 2171 5908; x_wconf 95' lang='lat' dir='ltr'> </span> 
     </span>
    </p>
   </div>
  </div>
 </body>
</html>
