4310 5908
529 621 590 684 730
1026 613 1241 676 rutouulct
1260 613 1433 677 suctum
1741 613 1823 691 [Aust.
1841 613 1929 678 leto.

529 756 692 851 scriptam
711 751 860 826 Polesini
882 750 1105 842 sanctivit,
1133 770 1212 821 cum
1236 749 1315 840 Jure
1333 756 1369 818 et
1389 744 1588 820 omnimoda
1599 745 1838 839 jurisdictione
1855 749 1930 822 exi·

528 879 634 974 gendi
658 879 694 950 in
717 877 810 950 dicto
833 875 975 946 llumine
993 872 1077 946 Padi
1101 893 1164 968 per
1187 871 1356 944 directum
1377 868 1469 941 dicte
1492 867 1574 940 ville
1594 867 1742 940 Polesini
1768 869 1928 961 dacium,

530 1003 733 1098 pedagium,
752 998 900 1092 vectigal
914 1019 977 1069 seu
996 997 1173 1068 toloneum
1187 1017 1208 1066 a
1222 993 1498 1087 quibuscumque
1516 989 1790 1065 conducentibus
1805 1015 1930 1085 naves,

529 1147 663 1198 merces
672 1134 707 1196 et
719 1123 804 1197 alias
820 1143 875 1194 res
890 1142 933 1193 ac
947 1118 1214 1193 ascendentibus
1227 1127 1263 1190 et
1277 1114 1568 1190 descendentibus
1581 1136 1646 1210 per
1660 1113 1790 1188 dictum
1804 1116 1933 1190 flumen

528 1247 612 1320 Padi
632 1268 696 1342 pro
711 1245 813 1317 dictis
830 1243 995 1331 navibus,
1017 1241 1188 1312 mercibus
1205 1249 1241 1312 et
1256 1240 1362 1312 rebus
1377 1237 1654 1332 quibuscumque
1676 1238 1934 1312 transeuntibus

530 1391 594 1465 per
608 1368 739 1442 dictum
758 1367 888 1438 llumen
905 1363 1002 1437 Padi.
1026 1365 1070 1436 Et
1088 1362 1155 1435 hoc
1171 1383 1241 1434 non
1262 1360 1479 1435 obstantibus
1498 1357 1671 1452 aliquibus
1690 1359 1934 1434 donationibus

530 1515 592 1566 seu
614 1490 893 1565 concessionibus
916 1509 978 1584 per
997 1509 1061 1560 nos
1081 1508 1143 1559 seu
1166 1486 1429 1582 predecessores
1453 1491 1590 1556 nostros
1610 1482 1708 1555 lactis
1732 1491 1768 1554 et
1793 1483 1935 1557 indultis

529 1617 606 1690 aliis
629 1615 904 1710 quibuscumque
926 1610 1099 1706 personis,
1116 1609 1242 1703 quibus
1262 1607 1506 1681 donationibus
1522 1617 1559 1678 et
1579 1606 1859 1679 concessionibus
1888 1629 1935 1681 ex

530 1749 624 1814 certa
651 1738 795 1812 scientia
823 1735 927 1809 etde
951 1734 1167 1831 plenitudine
1197 1741 1315 1806 nostre
1345 1732 1438 1824 regie
1467 1731 1646 1826 potestatis
1672 1730 1879 1824 derogamus
1900 1743 1937 1806 ot

530 1865 735 1957 derogatum
755 1860 1003 1934 essevolumus
1020 1867 1287 1953 perpresentes.
1303 1857 1347 1930 llt
1359 1856 1427 1928 hoc
1441 1875 1512 1926 non
1530 1854 1748 1927 obstantibus
1762 1856 1935 1948 aliquibus

530 1987 683 2080 legibus,
707 1983 844 2058 statutis
867 1991 903 2056 et
927 1982 1076 2054 decretis
1095 1981 1132 2052 in
1151 1980 1362 2054 contrarium
1383 1978 1603 2067 iacientibus,
1621 1999 1663 2050 nc
1680 1979 1885 2052 nominatim
1900 1990 1936 2052 et

530 2131 695 2204 expresse
720 2129 800 2180 cnm
820 2105 1025 2178 utilitatibus
1050 2105 1326 2198 quibuscumque
1344 2112 1475 2176 etcum
1491 2121 1588 2174 mero
1606 2110 1641 2174 et
1660 2101 1771 2174 mixto
1790 2102 1935 2198 imperio

531 2244 567 2308 et
581 2231 780 2306 omnimoda
793 2229 1031 2323 jurisdictione
1047 2250 1089 2300 ac
1109 2227 1215 2320 gladii
1234 2235 1404 2323 potestate
1420 2225 1457 2296 in
1476 2224 1640 2320 predictis
1656 2225 1794 2315 castris,
1814 2225 1933 2318 terris,

530 2355 640 2444 villis,
656 2354 778 2444 curiis,
799 2352 977 2424 territoriis
993 2359 1029 2423 et
1044 2350 1200 2445 quolibet
1215 2371 1277 2422 seu
1291 2349 1446 2442 qualibet
1459 2348 1612 2443 ipsomm
1625 2356 1661 2420 et
1675 2347 1842 2442 ipsarum,
1861 2369 1938 2444 pre·

530 2479 624 2552 dicto
637 2479 780 2566 Uberto,
799 2474 986 2548 heredibus
1002 2473 1217 2569 posterisque
1238 2473 1309 2544 suis
1327 2472 1372 2544 ab
1390 2493 1433 2544 eo
1450 2481 1485 2544 et
1503 2471 1691 2554 heredibus
1707 2493 1769 2543 seu
1789 2471 1936 2544 descen·

530 2601 694 2676 dentibus
709 2601 745 2672 in
764 2598 834 2672 fide
862 2619 904 2671 ac
925 2598 1110 2670 devotione
1126 2607 1245 2680 nostra
1265 2595 1526 2691 persistentibus
1549 2595 1689 2690 proprio
1705 2605 1824 2666 nostro
1842 2604 1940 2669 motu

530 2747 572 2800 ac
599 2726 643 2798 de
669 2722 885 2820 plenitudine
905 2721 1085 2816 potestatis
1106 2730 1223 2792 nostre
1252 2729 1352 2791 etex
1372 2728 1466 2791 certa
1491 2719 1636 2792 scientia
1650 2727 1770 2791 nostra
1785 2719 1937 2814 presenti

530 2850 656 2947 pagina
673 2847 838 2920 duximus
854 2844 1065 2918 conserenda
1083 2854 1119 2916 et
1136 2842 1360 2916 concedimus
1374 2851 1480 2936 atque
1502 2841 1626 2915 damus
1642 2844 1748 2938 pleno
1760 2843 1867 2936 jure,
1890 2843 1939 2915 ita

530 2973 626 3066 quod
646 2970 780 3058 ¹roboris
802 2977 970 3064 perpetuo
985 2978 1102 3040 teneat
1120 2964 1332 3037 firmitatem.
1351 2966 1464 3051 Quare
1488 2967 1641 3060 presenti
1658 2973 1777 3038 nostro
1799 2986 1939 3038 cesaree

531 3065 659 3190 scripto
675 3092 882 3166 mandamus
896 3100 932 3162 et
944 3089 1089 3161 firmiter
1102 3089 1310 3184 precipimus
1325 3097 1497 3182 quatenus
1511 3087 1628 3161 nullus
1642 3089 1686 3162 sit
1693 3089 1752 3184 qni
1767 3088 1939 3184 prelatum

530 3219 695 3291 Ubartum
720 3236 871 3310 suosque
896 3214 1060 3303 heredes,
1082 3223 1240 3308 posteros
1265 3221 1301 3286 et
1322 3233 1538 3285 successores
1558 3213 1595 3283 in
1616 3211 1781 3307 predictis
1798 3213 1936 3303 castris,

531 3343 650 3433 terris,
668 3341 776 3430 villis,
797 3339 923 3427 curiis,
943 3337 1158 3426 hominibus,
1183 3336 1348 3426 terrenis,
1376 3335 1571 3426 territoriis,
1600 3335 1699 3431 aquis
1716 3345 1752 3408 et
1769 3357 1938 3429 aquarum

529 3467 750 3556 decursibus,
773 3463 998 3552 molendinis,
1015 3462 1122 3558 septis
1139 3461 1417 3534 molendinorum
1425 3460 1570 3554 {puteis
1588 3461 1695 3532 asalc
1711 3469 1746 3533 et
1761 3459 1879 3533 salinis
1897 3483 1940 3535 nc

529 3615 595 3664 usu
610 3591 759 3664 faciendi
776 3599 811 3662 et
831 3587 1050 3662 conducendi
1065 3588 1195 3677 salem,
1218 3585 1377 3678 juribus,
1402 3585 1605 3676 rationibus,
1621 3585 1936 3679 jurisdictionibus,

529 3716 758 3804 honorantiis,
775 3713 978 3801 bonoribus,
993 3711 1222 3807 pertinentiis,
1235 3710 1414 3800 limitibus,
1426 3709 1611 3801 exercitiis,
1627 3708 1818 3804 pischariis,
1829 3731 1939 3784 vena·

530 3838 697 3929 tionibus,
717 3838 884 3932 pasculis,
903 3835 1121 3924 nemoribus,
1137 3833 1312 3906 montibus
1329 3841 1364 3904 et
1380 3833 1509 3929 planis,
1531 3833 1709 3928 passibus,
1727 3833 1884 3930 pedagiis
1903 3844 1940 3908 et

527 3959 734 4032 utilitatibus
749 3960 911 4030 omnibus
927 3956 1090 4052 predictis
1106 3968 1226 4029 contra
1239 3957 1409 4050 presentis
1421 3956 1654 4028 concessionis
1666 3966 1784 4030 nostre
1792 3959 1937 4051 gratiam

528 4084 698 4180 impedire
716 4103 777 4154 seu
794 4082 977 4154 molestare
994 4088 1182 4174 presumat.
1204 4079 1240 4152 Si
1250 4079 1328 4173 quis
1343 4087 1460 4152 autem
1473 4081 1717 4154 contrafecerit
1731 4083 1789 4155 vel
1800 4091 1938 4156 contra·

527 4208 642 4280 facere
662 4204 929 4301 presumpserit,
953 4224 1096 4296 gravem
1119 4202 1391 4296 indignationem
1421 4212 1576 4276 nostram
1600 4225 1638 4278 se
1662 4206 1802 4278 noverit
1820 4206 1938 4279 incur·

529 4352 661 4404 surum.
682 4330 756 4402 Hoc
778 4337 895 4400 autem
917 4336 1034 4400 nostre
1056 4325 1251 4398 serenitatis
1271 4326 1491 4421 privilegium
1515 4327 1633 4400 valere
1651 4328 1839 4421 volumus,
1865 4351 1939 4402 non

529 4453 748 4524 obstantibus
770 4452 867 4542 lege,
887 4459 1016 4522 statuto
1030 4458 1065 4521 et
1081 4448 1221 4521 decreto
1236 4450 1400 4544 predictis
1415 4471 1458 4522 nc
1473 4450 1724 4524 consuetudine
1739 4463 1775 4525 et
1795 4453 1936 4550 privile·

530 4575 596 4666 giis
609 4575 884 4666 quibuscumque
901 4583 936 4646 et
949 4573 1026 4645 aliis
1043 4573 1078 4644 in
1095 4571 1259 4667 predictis
1274 4573 1447 4646 concessis
1461 4594 1526 4669 per
1540 4595 1606 4646 nos
1622 4583 1658 4646 et
1674 4574 1937 4670 predecessores

532 4705 682 4787 nostros,
705 4696 832 4789 quibem
843 4709 963 4770 nostra
976 4696 1129 4792 presenti
1143 4695 1268 4790 pagina
1284 4717 1331 4768 ex
1349 4705 1443 4770 certa
1459 4696 1603 4770 scientia
1613 4705 1653 4768 ut
1668 4717 1773 4794 supra
1789 4699 1937 4794 deroga·
