4300 5916
533 621 595 684 868
1060 617 1244 683 colluam
1268 619 1420 694 Qlllllll'l
1750 620 1833 700 [Anu.
1850 620 1939 685 1246.

533 758 664 828 violare
680 755 945 850 presumpserit,
963 775 1028 827 nos
1041 755 1140 828 alteri
1165 755 1255 851 parti
1279 765 1394 828 astare
1414 755 1577 827 volumus
1596 765 1717 828 contra
1733 756 1844 851 ipsam
1857 757 1939 828 viri·

533 880 600 952 bus
625 888 660 950 et
681 879 836 974 potentia
858 878 1072 951 celsitudinis
1091 888 1221 950 nostre.
1248 877 1347 950 Unde
1369 877 1414 950 ad
1427 879 1579 950 futuram
1596 880 1799 953 memoriam
1816 881 1940 952 similia

534 1003 606 1077 duo
623 1002 750 1098 scripta
773 1001 817 1074 de
840 1002 948 1073 verbo
970 1001 1184 1074 adverbum
1206 1001 1309 1074 scribi
1331 1001 1493 1092 fecimus,
1518 1023 1666 1096 quorum
1692 1024 1802 1074 unum
1834 1023 1939 1098 penes

534 1125 810 1199 Warmaeienses
834 1125 928 1196 cives
950 1135 985 1197 et
1008 1125 1103 1197 aliud
1120 1147 1227 1220 penes
1244 1124 1406 1197 eumdem
1425 1125 1633 1221 Phylippum
1649 1126 1779 1199 servari
1796 1124 1936 1217 debent,

535 1250 650 1343 sigillo
663 1258 782 1323 nostro
798 1249 945 1322 mnnita.

582 1372 708 1445 Datum
725 1381 811 1469 aput
825 1372 982 1468 Spiram,
999 1372 1110 1444 XXIII
1121 1371 1290 1465 januarii,
1306 1381 1429 1465 quarte
1444 1371 1653 1444 indictionis.

475 1980 486 2044 .·
590 1940 803 2045 conradus,
824 1939 1082 2023 Romanorum
1102 1937 1142 2018 in
1160 1962 1289 2047 regem
1307 1935 1468 2042 electus,
1492 1936 1706 2020 sacerdotes
1724 1946 1762 2019 et
1786 1934 1939 2018 clericos

535 2099 692 2179 omnes,
723 2073 858 2181 quiin
889 2069 1140 2154 celebratione
1175 2069 1392 2153 divinorum
1426 2069 1572 2153 civibus
1606 2067 1941 2176 Rutisponensibus

537 2205 711 2290 assistere
736 2203 944 2307 voluerint,
968 2204 1042 2286 sub
1072 2201 1226 2311 speciali
1247 2202 1479 2310 protectione
1504 2227 1575 2286 sua
1599 2212 1639 2284 et
1665 2200 1814 2310 imperii
1837 2199 1940 2284 reci-

536 2338 666 2446 piens,
699 2335 886 2445 promittit
923 2334 1000 2416 illis
1031 2333 1213 2417 beneficia
1244 2332 1494 2418 ecclesiastica
1521 2343 1561 2416 et
1587 2330 1741 2441 plenam
1779 2332 1941 2442 gretiam

483 2525 494 2544 .
536 2493 657 2578 papae
678 2478 715 2551 et
732 2467 939 2574 Ecclesiae,
959 2466 1116 2575 quando
1138 2467 1237 2549 inter
1261 2475 1408 2574 patrem
1431 2489 1547 2548 suum
1567 2475 1605 2548 et
1626 2489 1764 2574 papam
1792 2474 1940 2547 mucta-

537 2611 621 2684 tum
638 2601 742 2710 pacis
760 2599 841 2681 fieri
859 2599 1071 2707 contigerit.

619 2809 1938 2894 (Editap.Rmn,Ccd.diplom.ltutisb.,t.l,p.tos,n·tatetlnltorrunr.Boir.,t.XXll,

656 2939 686 2998 p.
704 2929 771 2981 295.
788 2919 924 2998 Slglllnm
942 2919 1076 2978 nonnlhll
1091 2919 1201 2979 laesum
1215 2917 1398 2994 appendebat
1412 2935 1450 2977 ex
1464 2925 1615 2996 segmento
1629 2914 1879 2996 membranaceo.)

585 3103 800 3206 Conrladnsl,
818 3105 890 3178 divi
909 3105 1046 3198 augusti
1063 3104 1280 3199 imperatoris
1293 3097 1485 3200 Fr[ideriei]
1498 3101 1605 3192 filius,
1621 3103 1682 3175 Dei
1699 3102 1811 3196 gratia
1821 3103 1942 3175 Roma·

536 3254 661 3305 norum
677 3233 713 3302 in
736 3251 852 3322 regem
877 3230 1026 3318 electus,
1043 3249 1180 3322 semper
1195 3235 1362 3320 augustus
1378 3236 1412 3297 et
1426 3223 1528 3298 heres
1543 3225 1641 3319 regni
1655 3227 1859 3298 Jerusalem.
1879 3226 1941 3298 Per

536 3377 679 3452 presens
693 3355 858 3450 scriptum
872 3363 993 3425 notum
1011 3352 1154 3424 iacimus
1169 3351 1341 3424 universis
1351 3349 1485 3444 imperii
1500 3347 1662 3421 fidelibus
1676 3359 1856 3444 presentes
1871 3349 1943 3420 lito·

537 3501 593 3552 ras
608 3479 814 3575 inspecturis
831 3477 926 3572 quod
940 3497 1004 3548 nos
1017 3476 1214 3548 sacerdotes
1233 3486 1267 3547 et
1280 3474 1424 3548 elericos
1440 3494 1579 3564 omnes,
1594 3473 1655 3567 qui
1669 3495 1734 3568 pro
1749 3473 1942 3544 reverentia

536 3603 756 3697 imperatorie
781 3601 993 3694 maiestatis,
1019 3609 1138 3672 nostra
1167 3609 1203 3672 et
1228 3597 1381 3694 imperii,
1410 3597 1568 3670 assistere
1592 3597 1715 3669 volunt
1738 3594 1888 3669 fideliter
1910 3605 1944 3667 et

536 3727 664 3800 devote
686 3727 723 3796 in
746 3724 978 3796 celebratione
1005 3722 1203 3795 divinorum
1229 3721 1421 3794 officiorum
1438 3719 1572 3792 civibus
1590 3729 1625 3790 et
1644 3718 1805 3791 fidelibus
1818 3717 1943 3790 nostris

535 3849 860 3943 liatisponensibus,
885 3846 1079 3941 recepimus
1100 3846 1166 3918 sub
1182 3843 1406 3941 protectionis
1418 3851 1455 3915 et
1468 3843 1676 3915 defensionis
1693 3841 1846 3938 presidio
1863 3861 1943 3913 nos·

536 3982 589 4044 tro
605 3982 642 4043 et
654 3971 789 4068 imperii
805 3969 963 4064 speciali,
982 3968 1222 4064 promittentes
1236 3967 1287 4040 eis
1302 3988 1366 4038 suo
1380 3966 1457 4040 loco
1475 3975 1511 4037 et
1527 3976 1682 4061 tempore
1699 3974 1769 4036 tam
1786 3965 1822 4034 in
1835 3964 1944 4036 beno·

535 4093 621 4167 ficiis
638 4094 877 4168 ecclesiasticis
891 4114 998 4188 quarn
1013 4093 1049 4163 iu
1066 4092 1249 4184 largitione
1262 4113 1447 4162 munerum
1466 4099 1501 4161 et
1516 4091 1610 4183 regie
1621 4089 1830 4185 provisionis
1842 4090 1946 4181 juxta

535 4220 695 4291 meritum
719 4218 991 4308 uniuscujusque
1020 4215 1207 4288 liberaliter
1228 4214 1424 4309 providere.
1447 4215 1496 4286 oe
1521 4211 1791 4286 habundantiori
1807 4231 1946 4305 quoqne

535 4345 645 4436 gratia
668 4352 786 4415 nostra
805 4341 966 4413 volumus
983 4340 1156 4435 predictos
1173 4339 1369 4411 sacerdotes
1383 4347 1419 4410 et
1431 4338 1594 4427 clericos,
1614 4336 1896 4432 quandocunque
1910 4336 1946 4408 in

535 4478 712 4562 posterum
742 4474 907 4536 tractatus
939 4463 1034 4559 pacis
1060 4464 1149 4534 inter
1178 4461 1400 4555 magnificum
1429 4461 1588 4533 Cesarem
1612 4460 1791 4532 dominum
1810 4468 1944 4556 patrem

536 4600 710 4679 nostrum,
737 4610 801 4659 nos
825 4598 860 4658 et
874 4607 1000 4681 papam
1014 4585 1132 4657 haberi
1149 4585 1373 4677 contingerit,
1393 4584 1549 4676 ejusdem
1564 4593 1730 4656 tractatus
1749 4583 1845 4678 pacis
1870 4603 1946 4677 par·

537 4713 657 4808 ticipes
671 4733 761 4801 esse,
778 4722 817 4782 ut
830 4711 866 4780 in
879 4709 1007 4781 bonore
1021 4708 1211 4802 dignitatis,
1229 4709 1421 4781 officiorum
1429 4719 1465 4780 et
1474 4707 1723 4780 beneficiorum
1739 4727 1819 4778 cum
1835 4704 1945 4802 pleni·
