4318 5904
510 597 574 662 oro
976 576 1099 661 rro'nr
1122 594 1468 659 noconerronnrr.

461 865 464 872 .
525 799 639 876 iiiii

512 907 653 1007 W
668 972 882 992 .......
901 962 939 975 -
958 927 1205 1009 Pergemcneibne
1219 924 1617 988 scribitrecoronannntioe
1629 925 1716 986 hiinri
1731 926 1926 986 animoreaa·

938 1029 1017 1105 pisse
1034 1027 1085 1104 qni
1103 1023 1298 1102 exquirebant
1315 1037 1404 1082 annm
1425 1021 1585 1082 adventum
1606 1021 1645 1082 ad
1661 1027 1759 1098 partes
1779 1020 1925 1082 Lornbar-

939 1124 1016 1185 niae.
1026 1121 1167 1186 Notiiicet
1179 1121 1258 1199 qnod
1268 1121 1346 1180 inter
1359 1135 1392 1178 aa
1400 1123 1430 1179 et
1438 1119 1599 1181 Ecclesiam
1607 1135 1667 1196 nex
1675 1122 1739 1198 jann
1748 1117 1867 1179 iirrnatn
1875 1119 1925 1192 ait,

939 1225 970 1280 ct
980 1219 1060 1297 qnod
1073 1219 1175 1279 habito
1189 1233 1257 1279 cnm
1273 1233 1391 1278 anmrno
1405 1215 1543 1293 pontiiice
1554 1217 1701 1294 coiioqnio
1713 1231 1749 1277 ac
1760 1218 1825 1294 elne
1836 1215 1926 1276 banc·

939 1316 1065 1376 dictione
1076 1321 1226 1391 suscepta,
1240 1312 1279 1374 ad
1290 1319 1388 1390 paries
1399 1313 1472 1373 ieras
1483 1312 1676 1390 personaliter
1688 1313 1799 1373 mint.
1868 1318 1924 1372 iit

532 1428 627 1506 junio.
668 1470 883 1491 .......
900 1462 940 1475 -
960 1429 1086 1490 Lucanis
1105 1431 1137 1489 in
1156 1433 1329 1506 perpetuum
1349 1427 1484 1487 concedit
1503 1434 1600 1487 caetra
1616 1423 1927 1487 Moironie-iionteie-

941 1527 1071 1604 gatensis
1083 1530 1113 1584 et
1125 1521 1242 1585 Lniiani
1255 1537 1322 1582 cnrn
1340 1537 1442 1581 corum
1460 1521 1637 1592 rationibua,
1652 1520 1763 1597 datqne
1780 1521 1926 1581 nomnen

940 1621 1099 1700 recipiendi
1112 1623 1145 1681 in
1160 1621 1297 1680 concives
1312 1617 1446 1679 homines
1458 1617 1606 1695 qooeiihct
1617 1616 1836 1695 omnemne,
1851 1619 1927 1678 aient

939 1726 969 1780 et
990 1717 1195 1779 communibus
1214 1715 1423 1795 Geriagnenae
1441 1715 1600 1793 recipiendi
1627 1721 1786 1792 potestates
1809 1720 1839 1774 ct
1862 1730 1926 1775 rec·

938 1823 1017 1878 tores
1031 1817 1177 1878 Lucanos.
1869 1819 1926 1874 ite

532 1927 630 2008 [iunio
668 1974 880 1995 .......
900 1963 938 1976 -
957 1931 1031 2010 Regi
1044 1930 1225 1992 Freneornnr
1237 1929 1356 1988 nuntiet
1369 1925 1448 2006 qnod
1462 1943 1515 2006 epe
1527 1926 1656 2004 quedem
1667 1927 1748 2005 pecie
1760 1933 1924 2004 mnmpta,

510 2026 648 2106 ineunte]
938 2044 1044 2107 popam
1064 2029 1180 2107 rogerii
1198 2032 1233 2086 ut
1249 2025 1378 2103 ailquem
1396 2041 1434 2084 ex
1452 2025 1651 2086 cardinalibus
1668 2024 1705 2085 eri
1727 2041 1758 2085 ae
1777 2027 1922 2096 mitteret,

938 2125 1045 2185 comite
1069 2123 1214 2185 Toioeeno
1236 2121 1357 2182 interim
1377 2118 1415 2181 nd
1432 2119 1538 2181 Scdem
1559 2119 1758 2198 Apostolicnnr
1780 2121 1926 2182 destinato

938 2237 991 2298 pro
1008 2222 1125 2300 negotio
1138 2221 1221 2297 pacis
1234 2219 1377 2297 ejusdem.
1870 2225 1925 2279 iet

526 2327 633 2406 tioiii.
729 2334 820 2413 Apud
899 2358 938 2372 -
957 2326 1099 2388 Poteatati
1116 2332 1146 2387 et
1163 2327 1315 2387 communi
1327 2325 1466 2387 Mantuae
1480 2323 1602 2386 mandet
1617 2329 1653 2385 nt
1668 2326 1700 2385 in
1719 2323 1854 2385 kalendis
1872 2341 1926 2385 en·

672 2430 880 2494 Interamnam,
938 2425 1015 2501 guen
1029 2424 1161 2500 proxime
1176 2424 1293 2484 vcnmri
1306 2422 1426 2482 idonaoa
1440 2427 1470 2482 ct
1487 2421 1588 2482 fideice
1600 2421 1720 2482 nuntios
1732 2437 1801 2482 corn
1819 2419 1927 2500 quihus

938 2520 1068 2598 plenarie
1082 2518 1243 2580 deliberare
1259 2518 1348 2596 velit,
1362 2518 1402 2580 od
1414 2535 1446 2580 ee
1459 2519 1539 2595 epod
1553 2518 1636 2578 Pisae
1649 2517 1808 2578 destinent.
1869 2525 1927 2578 200

524 2583 635 2708 [iulio]
667 2669 676 2687 .
707 2667 881 2689 ......
905 2657 938 2671 -
958 2626 1032 2704 Regi
1049 2626 1219 2704 liungeriae
1235 2624 1383 2702 significet
1403 2624 1477 2702 quid
1496 2625 1589 2702 agerii
1607 2623 1646 2684 ed
1665 2623 1837 2684 electionem
1856 2624 1926 2684 novi

939 2723 1086 2801 pontificia
1099 2721 1326 2800 procurandam,
1340 2721 1468 2799 qualiter
1485 2721 1604 2782 demum
1618 2721 1710 2780 eiecto
1723 2735 1824 2798 pacem
1838 2720 1928 2782 obin-

938 2820 1006 2880 1erit
1018 2825 1049 2880 ct
1060 2835 1128 2896 epea
1142 2817 1314 2880 concordiae
1324 2817 1363 2878 ab
1376 2817 1514 2878 omnibns
1525 2823 1666 2894 concepta
1678 2818 1840 2882 evannerit.
1869 2825 1926 2878 2⁰8

900 2957 939 2970 -
960 2924 1110 2986 Univereie
1125 2923 1265 2985 iidniibua
1276 2930 1308 2984 et
1319 2924 1423 2984 anicia
1435 2924 1499 2984 anie
1513 2921 1579 2983 snae
1588 2927 1690 2982 narrat
1702 2921 1775 3000 qnid
1787 2938 1841 3000 pro
1854 2939 1928 3000 pace

938 3021 1171 3084 consummanda
1183 3023 1260 3082 inter
1273 3037 1306 3082 ae
1318 3027 1349 3081 et
1362 3036 1511 3081 commum
1527 3019 1696 3097 pontificem
1709 3026 1807 3081 ectnra
1822 3019 1926 3094 merit,

938 3136 1105 3182 memorena
1122 3118 1203 3196 qnod
1222 3135 1291 3180 corn
1308 3118 1526 3180 conditionibus
1544 3136 1562 3180 n
1579 3119 1719 3180 onerate
1735 3117 1930 3182 lonbardiae

937 3215 1045 3278 obieris
1058 3223 1130 3277 ente
1143 3222 1173 3276 et
1185 3223 1252 3294 poet
1268 3217 1423 3278 victoriam
1437 3215 1518 3292 apud
1533 3215 1654 3278 entem
1665 3215 1781 3278 Noram
1794 3222 1927 3294 reporta·

937 3321 1017 3388 tem,
1031 3331 1103 3393 once
1119 3314 1309 3376 comtantieo
1324 3329 1443 3391 proraoe
1460 3319 1599 3390 excepte.
1615 3314 1679 3394 ioue
1692 3319 1769 3374 atare
1784 3313 1926 3386 coluerit,

936 3427 1013 3488 papa
1027 3418 1093 3489 post
1108 3413 1192 3472 varin
1203 3411 1390 3488 diverticula,
1405 3428 1437 3472 re
1448 3412 1481 3472 in
1494 3425 1636 3488 suspenso
1648 3410 1761 3484 relicta,
1776 3409 1876 3472 cubito
1889 3411 1928 3474 ori

936 3510 1064 3570 iannonr
1078 3508 1223 3588 coningit.
1866 3517 1925 3572 20⁵

896 3647 938 3662 -
956 3616 1029 3676 Poet
1049 3615 1151 3694 togam
1168 3630 1262 3693 papae
1278 3614 1318 3676 ad
1334 3620 1434 3692 parter
1452 3615 1705 3690 ultramontanae,
1721 3614 1761 3677 cic
1775 3631 1847 3693 once
1866 3631 1927 3676 non

936 3711 1034 3774 adbuc
1046 3712 1219 3790 desperans,
1234 3711 1336 3772 scribit
1350 3711 1529 3792 quondan
1546 3711 1744 3774 cardinalibus
1761 3728 1795 3773 ae
1806 3728 1928 3790 compo·

936 3811 1052 3871 aitionie
1065 3811 1187 3870 modurn
1202 3825 1305 3872 eorum
1317 3809 1440 3872 arbitrio
1452 3812 1653 3889 committere,
1665 3811 1749 3872 eolre
1759 3815 1862 3872 innren
1874 3809 1928 3872 di·

935 3908 1048 3983 gnitate
1061 3908 1177 3984 imperii
1190 3911 1221 3968 et
1235 3901 1301 3968 ana.
1868 3914 1925 3970 m

508 4011 645 4085 aossorto.
727 4009 816 4073 Piaie.
896 4041 937 4054 -
955 4010 1005 4072 ad
1029 4011 1270 4088 enppicaoonern
1292 4011 1403 4072 ‹irinn
1425 4012 1612 4089 inconcinni
1633 4010 1766 4074 fidelium
1788 4028 1924 4086 suornm,

936 4108 1123 4186 privilegium
1136 4125 1154 4170 e
1168 4108 1319 4170 Frideaico
1332 4107 1348 4167 1
1360 4123 1417 4170 aro
1432 4125 1486 4170 ano
1499 4109 1609 4170 andem
1627 4125 1707 4170 anno
1724 4116 1820 4186 irae,
1839 4118 1859 4170 a
1874 4112 1926 4187 ja·

934 4205 1041 4274 onorii,
1055 4203 1205 4265 incinitnrn
1218 4210 1353 4279 renovat,
1367 4205 1471 4266 ineerit
1480 4211 1570 4284 ame
1582 4201 1749 4266 confirmet.
1868 4213 1924 4266 m

507 4311 644 4385 aagneto.
727 4310 813 4372 Piria.
896 4336 934 4351 -
955 4305 1017 4368 Sub
1030 4311 1210 4387 proiectione
1222 4325 1277 4371 roe
1288 4311 1392 4386 recipit
1404 4310 1550 4390 Μιιιιιιιι,
1564 4309 1728 4372 Gerarinrn
1740 4316 1771 4371 et
1781 4307 1926 4371 iacobum

934 4403 972 4466 de
987 4411 1074 4483 ganta
1087 4405 1245 4478 nonnoni,
1263 4407 1345 4467 cives
1361 4405 1500 4486 Pisanos,
1515 4414 1546 4468 et
1564 4406 1721 4469 confirmat
1736 4407 1925 4486 privilegium

934 4518 954 4563 a
971 4501 1119 4563 Fririerico
1136 4505 1152 4564 1
1169 4519 1226 4566 aro
1247 4518 1302 4564 eno
1322 4519 1424 4564 eornm
1442 4504 1675 4566 anieccaeoribne
1694 4520 1866 4566 cononum
1887 4503 1925 4564 ‹ie

933 4599 1114 4662 Martiniano
1128 4563 1216 4676 ikia,
1230 4600 1339 4661 Sancto
1353 4601 1494 4662 Friniano
1508 4607 1539 4662 et
1551 4603 1744 4678 pertinentiia.
1865 4607 1923 4661 ite

506 4706 643 4781 angoato.
671 4701 862 4781 apurrnee
893 4735 934 4750 -·
954 4703 1114 4768 Geraidm
1138 4711 1168 4767 ct
1191 4705 1314 4767 Petroni
1338 4707 1435 4768 imici
1457 4706 1584 4768 eaeailoe
1607 4711 1638 4768 ct
1659 4705 1783 4766 herenee
1809 4707 1924 4767 cornito
