4310 5908
505 607 564 670 '1⁴6
1003 607 1220 672 'FlllllElllCl
1243 607 1418 671 suctum
1721 609 1805 688 [Aru.
1823 609 1910 674 tate.

503 765 574 839 quo
589 754 686 816 tanto
700 743 971 816 vehementioris
988 765 1130 816 causam
1148 745 1353 864 turbationis
1369 743 1635 840 assumpsimus,
1649 755 1782 839 quanto
1799 767 1914 841 perso·

502 889 583 940 nam
597 877 747 941 vestram
760 889 822 963 pre
836 867 969 940 cunctis
982 869 1105 941 mundi
1119 870 1259 962 regibus
1271 879 1306 941 et
1315 869 1530 963 principibus
1546 869 1735 965 synceriori
1745 869 1913 944 charitate

502 993 696 1086 diligimus,
722 1002 758 1066 et
782 1002 913 1086 quanto
934 1013 997 1087 per
1020 993 1057 1065 id
1076 994 1265 1065 multorum
1282 993 1405 1066 Christi
1422 991 1578 1066 fidelium
1598 993 1779 1066 nobiscum
1798 994 1914 1068 intau-

503 1117 596 1188 tione
613 1137 801 1211 suspensa,
817 1117 922 1188 Terre
939 1115 1064 1189 Sancte
1081 1117 1231 1208 excidio,
1253 1138 1322 1212 que
1337 1117 1547 1190 Gallicarum
1563 1117 1690 1189 virium
1704 1128 1773 1190 tam
1793 1119 1913 1213 proxi·

501 1262 597 1311 mum
618 1239 812 1312 subsidium
835 1240 1063 1335 expectabat,
1086 1239 1221 1316 devotis
1241 1239 1421 1313 affectibus
1443 1239 1682 1313 condolemus.
1704 1239 1774 1314 Ista
1796 1251 1912 1314 amen

500 1365 598 1438 varia
614 1363 782 1437 relatione
793 1364 971 1460 perplexi,
988 1363 1130 1436 eredere
1143 1363 1347 1460 simpliciter
1360 1365 1514 1460 loquacis
1527 1365 1619 1437 lame
1635 1365 1793 1438 relationi
1804 1367 1916 1440 nolui·

501 1511 599 1579 mus,
619 1489 733 1561 donec
749 1509 855 1583 super
871 1488 926 1560 bis
941 1490 1088 1581 venas,
1105 1512 1174 1584 que
1188 1490 1376 1566 dubietatis
1393 1489 1593 1583 hujusmodi
1607 1491 1763 1563 turbines
1775 1492 1911 1582 abluat,

502 1613 603 1686 uobis
621 1612 769 1686 lucidior
788 1610 943 1708 patefiat.
961 1613 1107 1712 Propter
1122 1615 1218 1708 quod
1221 1667 1395 1687 .....
1422 1615 1569 1688 latorem
1582 1616 1796 1712 presentium
1811 1625 1851 1688 ut
1867 1616 1915 1688 ad

501 1758 567 1814 noe
581 1736 703 1812 redeat
717 1736 824 1810 vestri
845 1757 1027 1832 processus
1040 1734 1187 1834 (utinam
1202 1735 1327 1836 felicis)
1340 1738 1469 1815 antido
1484 1739 1674 1814 instructus
1688 1749 1850 1830 assertor,
1867 1740 1914 1814 ad

500 1871 653 1936 nestram
678 1861 888 1958 presentiam
912 1862 1107 1958 specialiter
1125 1863 1290 1938 duximus
1310 1863 1569 1937 destinandum.
1588 1865 1763 1940 tellenas
1786 1865 1913 1938 nibilo-
2008 1904 2014 1918 ·

502 1987 617 2063 minus
633 1986 794 2058 fluetibus
809 1987 955 2083 placatis
975 1987 1119 2078 italicis,
1138 1988 1237 2062 vobis
1253 2010 1330 2062 esse
1352 1989 1509 2062 locorum
1532 1988 1712 2061 habilitate
1728 1989 1852 2082 vieini;
1873 1999 1915 2061 ut

503 2110 789 2205 qualitercunque
811 2132 868 2183 res
897 2110 971 2206 ipsa
997 2131 1035 2182 se
1059 2109 1208 2206 babeat,
1232 2133 1335 2208 opem
1359 2135 1431 2186 non
1455 2110 1563 2184 literis
1586 2121 1741 2204 tantum,
1760 2111 1823 2185 sed
1839 2113 1915 2186 aliis

503 2234 665 2308 subsidiis
686 2233 786 2307 vobis
813 2243 930 2306 nostre
952 2231 1208 2328 magnificentie
1229 2234 1375 2308 dextera
1402 2235 1591 2310 destinaret
1614 2266 1623 2310 :
1646 2258 1715 2332 que
1736 2247 1853 2310 umen
1877 2235 1914 2308 in

504 2368 672 2454 quamam
695 2357 918 2454 negociorum
940 2368 976 2430 et
994 2369 1190 2456 temporum
1214 2361 1363 2454 qualitas
1383 2361 1527 2456 patitur,
1544 2382 1615 2434 non
1635 2363 1750 2433 minus
1766 2361 1915 2433 libenter

503 2481 604 2556 vobis
624 2479 798 2554 offerimus
820 2504 925 2575 quam
948 2481 1050 2554 nobis
1072 2481 1155 2578 ipsis
1184 2493 1244 2555 aut
1265 2485 1447 2580 uniquam
1470 2483 1662 2558 chariorem
1680 2485 1848 2558 babemus
1868 2507 1915 2560 ex

504 2605 630 2679 uostris
650 2603 729 2677 liliis
750 2615 1001 2701 presentamus.
1026 2607 1252 2680 Dilectionem
1279 2608 1397 2704 itaque
1418 2619 1570 2681 vestram
1596 2631 1758 2702 rogamus
1782 2618 1914 2681 attente

504 2739 676 2828 quatenus
692 2726 736 2803 de
758 2739 849 2802 statu
867 2742 902 2802 et
923 2731 1137 2804 continentia
1151 2742 1267 2804 vestra
1283 2753 1324 2804 ac
1342 2732 1434 2804 stolii
1449 2733 1557 2806 vestri
1572 2732 1791 2830 processibus
1807 2733 1914 2806 auxia

504 2865 622 2930 nostre
636 2853 831 2928 serenitatis
848 2853 1034 2928 intrinseca
1050 2856 1239 2929 renovetis.

558 3331 784 3439 Fuidericus,
798 3331 1055 3416 Romanorum
1071 3335 1292 3444 imperator,
1304 3333 1350 3417 B.
1367 3335 1521 3446 reginae
1535 3333 1768 3418 Francorum
1785 3333 1915 3418 scribit

506 3489 546 3550 se
565 3465 697 3548 nuntio
716 3463 865 3550 Aliensi
887 3465 1035 3550 comitis
1053 3465 1295 3551 Pictaviensis
1312 3467 1381 3550 filii
1398 3467 1570 3580 ejusdem
1588 3468 1741 3580 reginae
1759 3492 1914 3550 saumas

505 3596 686 3681 frumenti
722 3609 760 3680 et
792 3598 924 3683 hordei
960 3598 1157 3710 bonosque
1189 3601 1397 3685 dextrarios
1432 3599 1707 3712 assignavisse,
1736 3625 1916 3686 concessa

505 3731 628 3815 eidem
659 3729 810 3814 licentia
840 3732 1050 3816 necessaria
1079 3731 1269 3843 quaelibet
1294 3733 1343 3818 de
1365 3759 1484 3846 regno
1512 3760 1583 3821 suo
1609 3735 1759 3820 emendi
1781 3746 1820 3822 et
1838 3759 1914 3820 ex-

505 3863 693 3950 trahendi.

588 4123 684 4204 (Edit.
696 4124 728 4182 ln
743 4123 828 4184 Petri
840 4120 876 4183 dc
895 4123 959 4184 Vin.
978 4123 1074 4203 epist,
1094 4122 1146 4184 lib.
1163 4124 1220 4197 111,
1234 4139 1300 4201 cap.
1316 4122 1448 4198 xxl111;
1465 4123 1533 4186 coll.
1555 4141 1624 4188 cum
1637 4125 1704 4188 eod.
1722 4124 1800 4188 Blbl.
1815 4125 1913 4190 (Μ.

624 4229 734 4308 Paris,
746 4245 813 4290 ane.
827 4225 917 4310 sende
930 4226 1019 4305 latin,
1034 4239 1069 4288 ιιο
1086 4237 1177 4309 aaut,
1190 4225 1319 4307 otforda
1337 4229 1582 4293 saint-demuto
1600 4227 1726 4314 Baby,
1743 4240 1778 4295 11⁰
1795 4241 1870 4312 tat,
1885 4241 1917 4295 et

625 4351 694 4398 cum
708 4335 807 4397 codice
819 4335 1040 4397 Guelbertttano
1052 4351 1170 4397 necnon
1183 4335 1377 4398 Mediomont.
1393 4335 1624 4416 Phlsslppsensl.)

552 4589 775 4684 Frederieus,
792 4604 881 4684 ete,
900 4589 1026 4666 illustri
1039 4591 1158 4686 regine
1174 4590 1407 4684 Francorum,
1423 4603 1492 4668 etc.
1511 4593 1621 4668 Multa
1635 4602 1799 4686 suntque
1817 4591 1916 4666 vobis

505 4725 540 4789 et
553 4715 678 4788 vestris
691 4716 840 4788 libenter
854 4716 992 4812 placere
1005 4737 1070 4790 nos
1085 4715 1297 4809 admonent,
1316 4717 1402 4791 dum
1417 4717 1655 4814 multiplieiter
1667 4716 1836 4791 hactenus
1851 4736 1919 4790 vos
