4310 5908
493 517 553 580 rsa
814 591 819 604 ¹
860 563 870 582 .
995 525 1209 588 rurnsurcr
1233 523 1408 588 suctum
1704 517 1784 605 [an.
1802 517 1889 582 raso.

492 665 610 729 nostre
625 657 820 730 Gualterius
840 679 957 732 comes
982 662 1183 758 Manopelli‚
1204 659 1350 734 dilectus
1372 649 1549 731 familiaris
1571 665 1607 729 et
1628 653 1741 727 fidelis
1760 664 1891 743 noster,

492 781 588 876 quod
616 803 695 854 cum
726 782 862 855 dederit
884 785 1062 877 quondam
1079 787 1243 880 magistro
1267 787 1368 858 Petro
1390 782 1437 856 de
1452 782 1561 853 Vinea
1585 779 1753 875 proditori
1775 786 1893 850 nostro

493 904 636 977 domum
662 905 848 998 quamdam
874 929 980 1001 quam
1001 908 1093 981 idem
1116 931 1232 982 comes
1259 893 1490 980 habueratis
1508 906 1633 977 Sancto
1649 903 1834 990 Germano,
1860 911 1895 973 et

493 1029 586 1102 idem
603 1030 723 1101 Petrus
740 1031 990 1124 permutaverit
1004 1033 1225 1128 postmodum
1241 1032 1383 1106 domum
1400 1032 1511 1125 ipsam
1531 1049 1611 1101 cum
1631 1027 1782 1121 quadm
1803 1025 1894 1122 petia

495 1159 584 1222 terre
602 1173 707 1244 quam
722 1149 891 1225 habuerat
904 1165 1098 1228 conventus
1115 1155 1308 1228 casinensis
1323 1154 1359 1225 iu
1375 1155 1503 1248 Capua,
1524 1173 1594 1245 que
1610 1172 1703 1223 nnnc
1723 1171 1803 1222 cum
1819 1149 1894 1220 aliis

492 1271 593 1344 bonis
609 1274 765 1365 ejusdem
776 1276 867 1347 Petri
879 1299 942 1371 per
950 1287 1105 1350 nostram
1118 1279 1248 1350 curiam
1265 1287 1481 1375 procuratur,
1501 1297 1543 1347 ac
1560 1296 1653 1347 nunc
1668 1273 1893 1370 permutatio-

492 1418 574 1470 nem
587 1398 697 1492 ipsam
709 1399 821 1471 dictus
836 1422 951 1473 comes
964 1403 1120 1474 revocari
1134 1402 1320 1492 desideret,
1336 1401 1478 1473 domum
1489 1399 1646 1472 eamdem
1659 1397 1772 1470 eidem
1779 1395 1895 1469 comiti

493 1521 659 1615 resignari
682 1543 723 1595 ac
743 1524 911 1618 prefatam
933 1525 1061 1620 petiam
1086 1536 1175 1598 terre
1194 1526 1287 1598 dicto
1302 1523 1488 1597 couventui
1509 1521 1644 1594 restitui
1664 1521 1829 1594 mandare
1850 1521 1894 1593 de

493 1655 610 1717 nostra
635 1645 746 1738 gratia
773 1647 1007 1738 dignaremur.
1034 1649 1104 1722 Nos
1137 1661 1254 1722 autem
1285 1647 1592 1743 supplicationibus
1616 1646 1687 1717 suis
1713 1644 1896 1737 benignius

494 1767 660 1860 inclinati,
678 1767 835 1842 fidelitati
850 1782 908 1844 tue
922 1773 1146 1869 precipiendo
1159 1772 1544 1866 mandemusquatenus
1553 1751 1708 1865 predicta
1719 1779 1894 1864 permuta·

495 1892 588 1965 tione
602 1893 745 1966 rescissa
761 1895 904 1967 domum
919 1896 1028 1993 ipsam
1043 1898 1157 1970 eidem
1168 1896 1283 1970 comiti
1301 1897 1376 1967 sine
1391 1895 1593 1966 difficultate
1605 1891 1740 1965 restitui
1756 1913 1893 1987 aepre-

494 2016 622 2089 dictam
639 2019 766 2113 petiam
783 2029 873 2092 terre
887 2030 1077 2094 memorato
1091 2020 1278 2094 conventui
1294 2019 1399 2091 lacius
1417 2017 1597 2109 resignari.

541 2142 665 2212 Datum
678 2142 799 2234 Fogie,
815 2143 937 2236 quinto
947 2143 1116 2234 junuarii,
1133 2154 1255 2215 octavo
1270 2141 1481 2215 indictionis.

542 2264 726 2360 Cupientes
744 2265 849 2356 igitur
870 2267 1100 2362 prescriptum
1118 2266 1296 2363 imperiale
1319 2264 1522 2337 mandatum
1545 2262 1673 2356 exequi
1696 2272 1905 2383 reverenterN

492 2387 596 2460 celeri
611 2391 877 2483 complemento,
894 2412 973 2462 cum
989 2390 1035 2463 ad
1051 2391 1126 2482 ejus
1142 2389 1383 2462 executionem
1399 2410 1470 2459 ηοη
1486 2386 1657 2482 possimus
1669 2385 1897 2481 personaliter

492 2510 659 2584 interesse
677 2513 794 2584 multis
809 2513 884 2585 aliis
902 2513 1055 2586 serviciis
1072 2513 1167 2584 curie
1183 2513 1373 2608 prepediti,
1394 2511 1558 2608 probitati
1575 2519 1690 2582 vestre
1705 2531 1811 2604 super
1830 2509 1896 2580 boc

491 2635 744 2708 commistimus
752 2635 864 2708 vicem
873 2647 1027 2710 nostram
1038 2659 1084 2708 ex
1095 2637 1265 2732 imperiali
1277 2645 1375 2732 parte
1386 2634 1592 2707 mandantes
1603 2641 1774 2726 quatenus
1785 2633 1897 2704 forma

492 2758 638 2853 predicti
651 2759 837 2854 imperialis
855 2760 1010 2833 mandati
1024 2759 1208 2852 diligenter
1225 2745 1395 2856 inspecta,
1410 2759 1512 2851 juxta
1528 2757 1635 2853 ipsius
1648 2756 1897 2829 continentiam

493 2881 746 2979 permutatione
761 2884 916 2978 predicta
930 2883 1090 2974 rescissa,
1110 2884 1252 2956 domum
1273 2883 1384 2979 ipsam
1401 2881 1542 2955 domino
1557 2881 1736 2977 Ruynaldo
1755 2881 1800 2952 de
1823 2879 1895 2952 Pis·

493 3005 571 3078 cina
587 3005 711 3078 nuntio
729 3016 765 3079 et
782 3007 997 3102 procuratori
1018 3007 1163 3103 predicti
1180 3006 1310 3080 domini
1331 3007 1465 3079 comitis
1485 3027 1548 3100 pro
1565 3015 1662 3101 parte
1679 3005 1896 3096 ejusdemne

493 3129 684 3225 predictam
706 3130 833 3225 petiam
851 3141 941 3203 terre
955 3140 1147 3230 memorato
1170 3129 1358 3202 conventui
1374 3129 1529 3202 debeatis
1547 3128 1730 3200 restituere
1749 3137 1785 3198 et
1801 3125 1894 3221 pari·

494 3265 546 3326 ter
569 3253 763 3347 resignare,
788 3255 954 3327 facientes
973 3252 1049 3327 deri
1068 3254 1113 3327 de
1136 3253 1351 3326 restitutione
1370 3262 1406 3324 et
1420 3251 1653 3346 resignatione
1671 3250 1829 3346 predicta
1849 3249 1896 3322 ud

493 3376 664 3448 cautelam
687 3386 840 3449 nostram
859 3377 1037 3474 publicum
1055 3376 1322 3450 instrumentum
1335 3375 1382 3448 ad
1396 3398 1460 3449 nos
1476 3385 1512 3448 et
1526 3375 1573 3448 ad
1590 3374 1722 3448 curiam
1737 3374 1897 3447 celeriter

494 3500 814 3574 nansmictendum.

541 3623 665 3696 Datum
678 3625 821 3720 llyrole,
841 3623 1006 3698 vicesimo
1018 3623 1189 3716 januarii,
1205 3632 1327 3696 octave
1343 3621 1553 3696 indictionis.

541 3747 645 3840 Cujus
659 3748 864 3821 auctoritate
877 3749 1030 3822 mandati
1044 3748 1158 3821 dictus
1170 3747 1333 3840 magister
1341 3747 1537 3842 Stephanus
1550 3745 1586 3817 in
1603 3743 1775 3840 presentia
1786 3741 1896 3814 nostri

492 3869 553 3964 qui
578 3893 683 3967 supra
705 3871 833 3964 judicis
855 3882 891 3944 et
917 3871 1060 3967 predicti
1086 3871 1229 3961 notarii,
1256 3871 1474 3965 presentibus
1496 3868 1599 3942 etad
1621 3869 1688 3941 boo
1707 3865 1841 3940 vocatis
1862 3873 1898 3936 et

492 3995 621 4088 mgatis
637 3995 781 4067 testibus
796 3994 931 4067 notario
942 3994 1099 4068 Iohanne
1116 3993 1160 4066 de
1177 3993 1338 4084 Serbat0‚
1358 3993 1491 4066 notario
1507 3992 1643 4085 Augelo
1656 3991 1701 4065 de
1713 3989 1894 4079 ternario,

492 4117 604 4191 lauro
619 4118 862 4208 Constantino,
879 4117 1026 4192 Martino
1041 4117 1194 4207 notario,
1212 4116 1379 4190 blichaele
1396 4127 1432 4188 et
1445 4115 1600 4190 Iohanne
1620 4115 1665 4188 de
1689 4113 1823 4202 Aucto,
1839 4133 1895 4186 re·

493 4239 599 4314 scissa
616 4239 870 4337 permutatione
885 4240 1039 4336 predicta
1052 4242 1155 4333 iuxta
1169 4239 1416 4313 continentiam
1431 4240 1520 4312 sacri
1536 4238 1725 4335 imperialis
1740 4235 1897 4310 mandati

494 4363 653 4459 superius
672 4362 873 4458 exemplati,
891 4363 1083 4459 predictam
1101 4363 1230 4458 petiam
1251 4373 1341 4436 terre
1365 4363 1464 4436 fratri
1484 4359 1688 4458 landulpho
1712 4361 1757 4434 de
1784 4357 1896 4433 Pede·

493 4497 611 4557 moute
624 4485 753 4558 nuncio
769 4485 1027 4580 etprocuratori
1040 4486 1124 4559 dieti
1136 4497 1329 4559 conventus
1342 4485 1535 4558 &boensis
1546 4507 1609 4582 pro
1625 4493 1724 4582 parte
1738 4481 1897 4575 eiusdem

493 4606 644 4679 restituit
659 4616 695 4680 et
713 4607 842 4703 pariter
860 4609 1058 4701 resignavit.
1079 4608 1179 4682 Unde
1197 4609 1244 4682 ad
1258 4610 1411 4682 futuram
1427 4609 1628 4684 memoriam
1645 4617 1768 4682 ettam
1784 4607 1897 4714 impe·
