4300 5916
230 609 332 672 luurcr.
347 610 395 690 5.]
677 611 874 675 fltsvoalt
896 612 1192 677 arruoutrtct.

286 1238 504 1349 vaiggerus
519 1237 567 1322 de
585 1237 822 1349 Mindelberg
838 1240 1067 1324 monasterio
1089 1242 1138 1323 de
1154 1240 1405 1324 Raittanbuch
1419 1239 1483 1350 jus
1501 1247 1636 1349 patro-
1692 1259 1816 1366 ,affin

232 1380 347 1453 natus
380 1373 486 1481 quod
513 1370 680 1455 habebat
705 1372 744 1453 in
777 1370 934 1455 ecelesia
968 1374 1017 1456 de
1046 1371 1249 1483 AEglbolen
1276 1383 1314 1457 et
1343 1371 1489 1457 curiam
1525 1398 1636 1456 suam
1678 1366 1827 1474 lll'dl'lll'

231 1502 435 1588 villicalem
462 1504 604 1588 ibidem
630 1515 717 1615 post
734 1505 882 1589 obitum
901 1531 1014 1642 suum
1031 1506 1164 1590 donat.
1198 1587 1200 1591 ,

313 1739 409 1821 (Fdlt.
425 1758 474 1820 ap.
485 1741 618 1806 Manum.
632 1743 724 1818 Boio„
739 1748 763 1805 t.
777 1741 863 1818 vm,
876 1759 909 1821 p.
924 1750 976 1824 ιιι,
990 1751 1022 1803 n‘
1033 1741 1160 1822 xvm.)

282 1955 320 2026 ln
346 1952 486 2026 nomine
509 1954 665 2046 Domini,
692 1975 808 2027 amen.
838 1954 911 2048 Ego
931 1953 1131 2047 Swiggerus
1153 1953 1198 2026 da
1218 1953 1454 2026 Mindelberch
1477 1955 1639 2027 omnibus

232 2090 429 2175 presentem
451 2081 611 2176 paginam
633 2080 838 2176 inspecturis
857 2079 995 2154 notifico
1015 2079 1130 2175 quod,
1154 2077 1269 2151 adhuc
1294 2079 1433 2171 vivenS,
1448 2079 1506 2171 jus
1520 2090 1640 2175 patro·

233 2213 336 2275 natus
346 2204 491 2276 ecclesie
501 2204 597 2298 quod
605 2203 776 2276 habebam
787 2203 1206 2297 indeglbovemecclesie
1215 2203 1250 2274 in
1259 2203 1488 2276 Raittenbueb
1496 2203 1638 2296 donavi,

233 2336 270 2400 et
284 2327 416 2399 curiam
439 2348 553 2399 meam
574 2327 758 2400 villicalem
776 2327 923 2419 ibidem,
946 2336 1023 2422 post
1041 2327 1174 2399 obitum
1197 2349 1334 2417 meum,
1355 2327 1468 2399 eidem
1485 2328 1640 2400 Raitten·

233 2453 402 2526 buchensi
428 2455 573 2526 ecclesie
596 2453 775 2546 ordinavi,
800 2454 846 2526 ad
872 2453 1039 2525 indicium
1061 2453 1166 2546 hujus
1183 2454 1378 2526 donationis
1400 2463 1555 2526 statuens
1580 2463 1638 2546 ut,

233 2578 319 2650 dum
337 2577 479 2669 vixero,
502 2577 681 2649 annuatim
706 2577 751 2650 de
774 2576 968 2649 redditibus
991 2577 1148 2670 ejusdem
1170 2577 1265 2650 curie
1286 2577 1374 2649 duos
1389 2575 1523 2649 modios
1538 2577 1640 2670 siguli

234 2700 327 2775 dicta
343 2702 488 2774 ecelesia·
499 2701 679 2798 percipiat.

283 2825 371 2899 Acta
396 2837 478 2898 sunt
501 2826 569 2899 bec
598 2825 693 2921 apud
723 2824 933 2919 Augustam,
962 2825 998 2896 in
1024 2824 1153 2920 palatio
1190 2825 1323 2896 domini
1354 2823 1526 2920 episcopi,
1560 2845 1640 2920 pre·

235 2957 333 3020 sente
364 2946 483 3020 inclito
508 2950 742 3021 Romanorum
767 2969 849 3040 rege
870 2947 1028 3021 Conrado
1049 2955 1084 3018 et
1110 2945 1365 3038 consentiente,
1396 2966 1489 3017 anuo
1505 2943 1643 3016 Domini

237 3073 284 3143 Μ.
294 3071 355 3144 OE.
365 3071 481 3144 XLVI.
505 3072 624 3144 Testes
643 3080 760 3144 autem
784 3081 866 3142 sunt
884 3071 944 3164 qui
965 3079 1144 3166 presentes
1161 3068 1348 3142 audierunt
1359 3068 1550 3160 wadego,
1565 3075 1645 3162 pre·

237 3195 369 3291 positvm
389 3194 434 3267 de
453 3194 707 3286 Raittenbucb,
740 3195 921 3267 Cuuradus
948 3192 1195 3285 Frisingensis,
1216 3193 1352 3265 Ulricns
1376 3191 1642 3266 archidiaconus

235 3320 458 3413 Augustanus
483 3318 528 3390 de
548 3317 721 3420 Althaim3
746 3340 794 3390 ex
813 3319 927 3408 lalcis,
947 3317 1132 3406 Rudoltus,
1151 3317 1239 3388 liber
1255 3315 1299 3388 de
1315 3317 1533 3406 Munsteren,
1562 3316 1644 3386 Ber-

238 3441 396 3532 tholdus,
415 3442 503 3513 liber
517 3440 561 3514 de
577 3440 845 3534 Tannenbercb,
864 3441 1046 3513 Hainricus
1064 3441 1170 3530 Gula,
1192 3439 1384 3512 advocatus
1400 3436 1639 3532 Augusteosis,

236 3563 442 3636 bertholdus
469 3563 515 3637 de
534 3565 740 3657 Bebengen,
763 3564 941 3638 Comedus
960 3563 1176 3659 Spannagel,
1193 3561 1326 3658 dapifer
1341 3561 1385 3634 de
1399 3559 1640 3656 Dornsperch,

237 3689 481 3780 Engelsealcus
497 3698 533 3761 et
548 3689 654 3761 trater
669 3691 745 3781 ejus
761 3688 942 3761 Cunradus
954 3686 998 3760 de
1014 3685 1272 3780 llaegiubercb,
1287 3695 1322 3758 et
1335 3685 1394 3758 alii
1404 3685 1639 3781 quamplures.

1380 3987 1442 3998 n—

293 4278 510 4387 Conradus,
535 4279 575 4361 in
601 4278 862 4365 Romanorum
893 4306 1021 4392 regem
1047 4280 1208 4388 electus,
1234 4280 1376 4364 fatetur
1405 4280 1641 4390 lsengardim
1670 4366 1696 4410 u
1709 4311 1853 4422 3334„-

238 4409 398 4520 Philippi
434 4412 485 4496 de
518 4411 757 4495 Falleustein
794 4411 954 4523 dapiferi
990 4414 1050 4498 sui
1085 4413 1290 4523 conjugem
1326 4413 1399 4496 sibi
1441 4413 1644 4497 tradidisse

236 4554 408 4626 eastmm
433 4543 568 4627 Trifels
599 4554 637 4628 et
667 4545 834 4654 insignia
860 4545 1072 4655 imperialia
1098 4570 1198 4656 quae
1215 4544 1356 4628 ibidem
1379 4545 1642 4653 servabantur,

237 4699 327 4758 cum
345 4674 478 4760 multis
496 4676 613 4760 sacris
632 4677 821 4788 reliquiis,
840 4676 1048 4788 jocalibus,
1068 4677 1289 4762 missalibus
1312 4674 1442 4787 libris,
1461 4687 1535 4762 etc.

318 4810 372 4874 Vl.
392 4825 479 4872 rnna
1432 4822 1484 4877 ιιι
