4306 5914
213 691 377 776 ianrur.'l.]
662 691 860 775 HISTORIA
886 688 1183 756 btrnouarch.
1561 681 1622 748 705

264 833 320 906 Ad
336 829 623 906 exhilarationem
649 829 843 905 animorum
859 829 908 903 tui
925 838 960 904 et
976 829 1123 902 aliorum
1140 833 1336 899 nostrorum
1353 822 1526 916 fidelium,
1544 823 1623 919 qui·

214 959 457 1031 husbectenus
471 956 627 1029 absentia
641 967 758 1030 nostre
770 954 1011 1029 sollicitudinis
1022 953 1203 1026 materiam
1216 951 1625 1045 suggerebat‚presentes

216 1082 324 1156 felicis
341 1081 451 1155 nostri
467 1079 598 1154 reditus
614 1080 760 1162 nuncios
777 1079 824 1154 ad
839 1090 873 1153 te
891 1079 1056 1153 duximus
1073 1075 1289 1170 dirigend0s3
1310 1073 1511 1147 fidelitatem
1528 1084 1621 1166 tuem

215 1207 302 1280 scire
318 1215 354 1278 et
367 1204 521 1298 gaudere
537 1205 695 1276 volentes
710 1204 805 1297 quod
821 1204 974 1296 negociis
989 1201 1114 1276 Italicis
1129 1198 1314 1274 salubriter
1326 1221 1389 1295 pro
1405 1207 1487 1272 voto
1503 1198 1623 1294 dispo·

214 1333 309 1423 sitis,
326 1331 384 1404 die
401 1330 462 1402 Xl⁰
476 1329 646 1426 presentis
659 1329 788 1402 mensis
803 1329 916 1401 martii
931 1327 1025 1424 apud
1042 1327 1186 1400 Pontem
1202 1325 1402 1397 Tremulum
1417 1345 1498 1396 cum
1510 1323 1623 1398 vieto·

215 1459 306 1530 rioso
322 1455 479 1528 exercitu
499 1464 619 1528 nostro
635 1454 780 1527 feliciter
796 1452 973 1546 venimus,
991 1451 1120 1526 abinde
1141 1451 1178 1524 in
1202 1471 1347 1544 regnum
1370 1450 1459 1524 duee
1474 1451 1622 1524 Domino

215 1583 372 1656 felicibus
387 1579 548 1677 auspiciis
565 1579 773 1676 processuri.

430 1871 1400 1886 ffl-——m—„u———d

186 2191 188 2194 -
228 2130 311 2214 -In
350 2130 524 2242 proximo
560 2158 691 2217 mense
727 2131 853 2216 martii
889 2131 1097 2242 imperator
1129 2130 1289 2215 dimisso
1306 2130 1409 2242 'rege
1435 2127 1553 2214 Encio
1581 2126 1622 2212 in

179 2320 180 2323 κ
215 2263 462 2376 bombardie,
489 2292 579 2350 cum
612 2295 681 2352 sua
704 2267 839 2350 militia
865 2267 915 2349 ed
942 2277 1067 2376 partes
1096 2265 1326 2350 Pontremuli
1355 2267 1404 2349 ad
1435 2265 1621 2352 cidnum

215 2399 311 2483 Pisis
335 2397 424 2512 (sic)
452 2401 626 2510 accessit,
652 2402 837 2511 duxitque
860 2427 989 2484 secum
1016 2403 1169 2484 Petrum
1194 2401 1243 2484 de
1261 2399 1378 2484 Vinea
1402 2400 1464 2484 cui
1491 2400 1623 2485 oculos

215 2534 266 2616 de
293 2534 415 2643 eapite
444 2535 525 2632 erui
552 2535 641 2618 fecit
668 2535 708 2616 in
737 2535 876 2618 Senclo
902 2534 1055 2620 Minieto
1084 2534 1149 2617 ubi
1180 2561 1290 2618 suam
1320 2534 1436 2621 utam
1454 2597 1458 2606 .
1476 2534 1621 2642 finivit3

214 2668 322 2778 quod
339 2679 508 2751 castrum
536 2679 627 2752 tunc
653 2668 879 2780 [imperator]
906 2666 1053 2753 habuit.
1089 2665 1260 2752 Clrocic
1287 2669 1334 2751 de
1361 2669 1439 2752 red.
1467 2667 1508 2750 in
1530 2671 1619 2752 ltol.

212 2815 326 2912 pest,
345 2829 385 2912 p.
402 2805 497 2912 218,
518 2805 610 2889 219.

435 3101 660 3112 —-—...-...-

270 3367 497 3480 Fridericus,
517 3371 775 3457 Romanorum
793 3372 1013 3484 imperator,
1033 3375 1219 3460 universis
1235 3374 1470 3487 principibus
1493 3377 1624 3464 scribit
1720 3419 1732 3451 ·

217 3507 412 3615 quomodo
445 3532 545 3616 pape
574 3507 646 3590 sibi
674 3509 790 3592 vitam
823 3507 973 3593 auseme
998 3510 1154 3594 molitus
1181 3509 1295 3594 luerit
1323 3512 1474 3622 potione
1500 3540 1623 3599 rene-

217 3647 309 3721 nnte
343 3665 411 3748 per
447 3640 636 3724 medicum
674 3653 860 3751 porrecta,
897 3669 1037 3754 eosque
1072 3642 1247 3728 bortatur
1281 3656 1325 3729 ut
1365 3648 1624 3732 sacerdotibus
1739 3641 1745 3648 ’

217 3777 358 3857 temere
375 3773 447 3856 sibi
465 3774 678 3857 dominium
697 3775 891 3886 spirituale
916 3789 955 3862 et
972 3777 1140 3862 seculare
1158 3779 1444 3865 vendicantibus
1466 3781 1625 3867 firmiter

217 3907 418 4015 resistant,
452 3933 573 4019 quum
596 3908 676 4020 ipse
704 3907 794 3994 velit
820 3922 1099 3997 sacrosanctam
1121 3911 1329 3999 Ecclesiam
1346 3942 1414 4025 per
1430 3912 1623 4028 digniores

218 4051 381 4124 rectores
402 4041 442 4124 in
460 4042 597 4126 melius
614 4044 833 4129 reformare.

301 4257 404 4338 (Edid.
421 4257 555 4338 neum,
569 4257 675 4322 daea
687 4259 801 4323 lbiedr.
817 4259 864 4337 11,
878 4262 1061 4339 document,
1073 4280 1104 4342 p.
1121 4271 1192 4338 tlt,
1204 4273 1237 4326 n·
1252 4272 1302 4339 57,
1314 4263 1511 4328 excodlllbl.
1522 4265 1621 4329 Cesar.

337 4366 465 4430 vueon.
481 4364 601 4443 Petet,
617 4378 687 4443 soe,
699 4369 751 4432 lol.
772 4376 845 4449 15⁴3
858 4370 927 4432 eoll.
940 4386 1010 4432 eum
1021 4371 1087 4434 eod.
1103 4371 1181 4433 Btbl.
1192 4373 1329 4453 Leipsle„
1343 4382 1377 4434 n⁰
1393 4382 1483 4454 leet,
1494 4373 1545 4436 lol.
1557 4375 1623 4456 ee.)

266 4551 394 4628 Audite
412 4566 534 4648 gentes
547 4556 715 4651 degentes
728 4581 792 4654 per
806 4560 922 4632 secula
943 4559 1120 4652 ingentem
1138 4561 1332 4658 nequiciam
1346 4583 1369 4636 a
1384 4563 1510 4638 seculis
1525 4564 1626 4638 ineu·

221 4675 341 4752 (litam.
367 4679 510 4777 Aperite
532 4684 651 4756 oculos
676 4695 711 4757 et
731 4685 847 4758 videte
872 4685 1021 4780 qualiter
1041 4685 1109 4758 biis
1131 4687 1256 4761 diebus
1281 4687 1477 4762 novissimis
1501 4692 1628 4785 quibus

222 4805 388 4878 mundum
412 4827 458 4880 ex
480 4805 548 4880 biis
562 4819 636 4902 'que
655 4808 819 4883 accidunt
839 4810 913 4883 fore
935 4832 1006 4883 non
1029 4811 1236 4905 ambigimus
1256 4813 1293 4885 in
1315 4814 1494 4908 extremis,
1510 4838 1627 4898 nerum
