4300 5916
509 559 571 622 8¹10
1039 561 1222 626 comitem
1247 561 1398 639 Qlllllli'l
1725 559 1807 644 [dm.
1826 564 1917 630 luto.

587 745 1915 833 (Edit.np.wmc1‚flmoctetaodeqoct.,epors,Urtiuntcnu.,p.roomcxxxlltt

556 935 752 1027 Comedus,
769 935 901 1009 domini
917 935 1459 1033 augustiimperetorisFriderici
1469 933 1577 1029 lilius,
1592 937 1657 1010 Dei
1669 938 1780 1030 gretie
1791 940 1919 1012 Rome·

506 1079 634 1134 norum
649 1060 685 1132 in
708 1081 826 1154 regem
852 1063 999 1154 electus,
1016 1083 1155 1157 semper
1169 1070 1337 1155 augustus
1352 1069 1389 1133 et
1401 1059 1503 1134 heres
1518 1061 1617 1154 regni
1629 1061 1830 1135 Jerusalem.
1855 1064 1920 1136 Per

507 1206 651 1281 presens
679 1185 846 1280 scriptum
863 1185 910 1258 ud
922 1185 1168 1259 modernorum
1186 1195 1222 1258 et
1234 1186 1429 1258 futuromm
1447 1184 1605 1257 notitiam
1621 1185 1779 1281 cupimus
1793 1208 1918 1282 perve-

505 1308 584 1379 nire
601 1307 696 1402 quod
708 1327 773 1380 nos
785 1307 823 1380 C.
838 1316 874 1380 et
886 1308 941 1379 W.
955 1304 1006 1404 (l)
1024 1307 1069 1380 de
1084 1307 1293 1399 Merimberg
1307 1305 1442 1379 dilectis
1454 1305 1616 1378 fidelibus
1627 1306 1768 1398 nostris,
1780 1308 1840 1402 qui
1854 1330 1918 1404 per

478 1412 481 1423 ’
506 1440 666 1527 putentes
688 1452 768 1504 sues
793 1431 925 1503 litteras
947 1451 986 1504 se
1009 1440 1127 1504 nostre
1145 1429 1342 1504 celsitudini
1357 1430 1594 1504 astrinxerunt
1609 1430 1704 1524 quod
1716 1431 1753 1502 in
1767 1433 1915 1504 serenis·

506 1554 585 1628 simi
606 1554 740 1626 cesaris
762 1552 893 1626 domini
914 1555 1023 1649 putris
1044 1554 1153 1628 nostri
1171 1563 1208 1627 et
1230 1553 1358 1626 nostris
1382 1553 1536 1627 serviciis
1564 1553 1696 1628 auxilio
1716 1564 1753 1627 et
1773 1555 1915 1630 consilio

504 1689 676 1776 perpetuo
687 1677 1065 1775 debeantpermunere,
1076 1679 1135 1771 jus
1144 1677 1635 1774 advocetieinWetphleriaet
1640 1679 1915 1772 jurisdictionem

505 1802 543 1876 iu
554 1802 771 1895 Hittenberg,
785 1813 890 1898 prout
902 1802 967 1876 hec
980 1803 1026 1874 ub
1038 1803 1208 1899 imperiali
1222 1803 1333 1895 gratie
1345 1802 1585 1898 progenitores
1596 1823 1717 1874 eorum
1725 1804 1915 1898 antiquitus

503 1926 747 2024 possiderunt,
771 1927 1038 2020 recognovimus
1066 1937 1102 1998 et
1131 1927 1336 1999 auctoritate
1359 1925 1483 2022 prefati
1502 1926 1634 1999 Cesuris
1660 1925 1792 2000 domini
1808 1927 1914 2024 petris

502 2051 613 2122 nostri
628 2059 663 2122 et
677 2059 796 2122 nostre
814 2051 1048 2123 concessimus
1064 2049 1288 2145 possidenda.
1308 2048 1365 2123 Ad
1378 2050 1478 2142 cujus
1490 2049 1542 2122 rei
1555 2047 1758 2123 memorium
1772 2073 1914 2148 presens

503 2175 671 2268 scriptum
685 2171 761 2245 lieri
774 2173 936 2266 fecimus,
953 2173 1064 2266 sigillo
1078 2183 1196 2247 nostre
1211 2172 1424 2246 celsitudinis
1435 2173 1698 2245 communitum.

552 2299 678 2370 Datum
692 2297 785 2393 epud
800 2297 1021 2390 Esselingen,
1036 2317 1129 2370 unno
1143 2296 1317 2370 dominice
1331 2296 1579 2370 innumetionis
1592 2297 1775 2371 millesimo
1787 2295 1914 2371 ccxl.

502 2432 604 2497 sexto
621 2419 684 2520 (a),
703 2443 823 2496 mense
840 2421 941 2512 maii,
956 2432 1080 2516 quarte
1098 2423 1308 2496 indictionis.

313 2987 452 3099 megpgm
556 2959 810 3064 Comedus,
799 2986 840 3041 1n
858 2961 1120 3045 Romanorum
1137 2986 1267 3072 regem
1289 2961 1450 3071 electus,
1474 2989 1546 3072 pro
1564 2961 1639 3046 fide
1657 2975 1695 3048 et
1711 2963 1909 3049 devotione

349 3097 418 3141 ²¹¹⁰·
500 3091 641 3175 civium
663 3092 712 3176 de
741 3093 1018 3202 Frenkeniurt,
1051 3095 1101 3177 de
1136 3095 1359 3178 auctoritate
1393 3105 1432 3178 et
1460 3095 1642 3180 mandato
1669 3095 1907 3245 imperatoris

500 3225 618 3335 petris
638 3226 717 3332 sui,
739 3225 793 3308 eis
809 3251 964 3309 omnem
983 3253 1124 3310 noxum
1138 3238 1176 3311 et
1189 3225 1372 3312 offensem
1391 3229 1548 3311 remittit
1531 3239 1680 3339 tquum
1698 3228 1739 3310 in
1752 3229 1906 3314 caedem

499 3366 548 3441 ct·
570 3358 837 3441 exterminium
866 3359 1096 3443 ludaeorum
1127 3360 1176 3442 de
1205 3358 1478 3469 Frenlenlurt,
1511 3387 1705 3446 servorum
1736 3387 1906 3446 camerae

500 3515 607 3596 suae,
629 3488 866 3600 negligenter
888 3489 1015 3599 potius
1037 3516 1153 3600 quem
1176 3491 1389 3575 voluntarie
1406 3491 1642 3576 commisisse
1658 3493 1849 3577 uidentur.

581 3702 675 3782 (Edit.
690 3719 739 3781 up.
753 3700 892 3786 Pricilep.
907 3709 936 3765 ot
943 3711 1034 3784 pacta
1046 3717 1103 3766 uon
1117 3702 1257 3785 lionis„
1271 3724 1303 3784 p.
1320 3714 1350 3769 4.
1363 3737 1404 3752 ·-·
1416 3705 1534 3783 Lumo,
1548 3703 1757 3786 numento,
1770 3711 1792 3768 t.
1808 3707 1902 3787 xm,

557 3880 564 3894 .
616 3827 647 3888 p.
666 3817 736 3870 558.
749 3840 790 3856 -
802 3809 963 3886 Beuum
980 3809 1051 3874 Cod.
1069 3809 1220 3891 diprlomat.
1235 3810 1479 3893 Moeoofiuocos„
1494 3819 1519 3874 t.
1534 3812 1565 3889 1,
1580 3830 1612 3891 p.
1629 3815 1692 3890 tu.)

544 3993 738 4088 Conredus,
760 3995 833 4069 divi
848 3996 986 4089 augusti
1003 3995 1221 4092 imperatoris
1236 3997 1398 4070 Friderici
1412 3994 1521 4090 filius,
1536 3998 1601 4071 Dei
1613 3998 1724 4090 gratia
1738 3998 1905 4071 Romano·

494 4142 574 4190 rum
590 4120 626 4190 iu
641 4140 759 4211 regem
782 4121 931 4212 electus,
954 4141 1092 4216 semper
1118 4129 1285 4213 augustus
1312 4131 1348 4192 et
1369 4119 1472 4193 heres
1493 4121 1592 4213 regui
1610 4121 1814 4194 Jerusalem.
1840 4122 1905 4194 Per

536 4292 580 4376 (a)
600 4296 635 4356 In
648 4294 724 4355 llbro
739 4293 844 4356 CCLX
853 4301 945 4366 emto,
960 4295 1012 4356 sed
1025 4312 1078 4373 per
1091 4297 1289 4372 impressiouls
1300 4296 1451 4358 mendum.

530 4583 568 4654 (t)
586 4581 692 4639 Scilicet
705 4579 845 4640 conradus
857 4586 885 4637 et
896 4579 1084 4652 widekindus,
1095 4585 1125 4638 ut
1136 4579 1219 4638 reiert
1231 4581 1339 4640 Wonck
1350 4582 1377 4640 in
1389 4581 1465 4642 titulo
1475 4582 1638 4642 documenti.
1652 4581 1720 4643 vido
1732 4583 1844 4658 iusuper
1855 4583 1902 4642 do·

492 4685 648 4738 cumentum
659 4679 806 4751 insequens
817 4678 844 4735 in
856 4677 950 4736 codem
963 4693 1058 4753 opere,
1072 4679 1123 4736 sub
1137 4688 1168 4736 u⁰
1179 4677 1315 4739 CXXXV.
