4300 5916
242 597 342 656 lsnrcr.
360 594 425 671 le]
685 589 881 653 HISTORIA
903 587 1201 654 hrenounrrcs.

640 1229 753 1293 ANNO
778 1227 1205 1292 1111-1111111011
1227 1226 1281 1290 15.

810 1491 1069 1506 m·—

295 1773 518 1879 Conmdus,
554 1774 595 1854 in
639 1774 900 1859 Romanomm
936 1773 1259 1884 regemelectus,
1291 1771 1460 1855 notificat
1496 1772 1646 1881 imperii
1693 1783 1833 1892 adid..

241 1903 419 1988 fidelihus
439 1905 663 2016 homagium
687 1932 755 2016 per
773 1907 1004 1992 Wemerum
1028 1906 1076 1988 de
1104 1905 1290 1988 Bolandia
1319 1903 1533 1988 comitissae
1559 1905 1643 1988 Lu·
1707 1892 1819 1946 'm‘

241 2037 505 2148 cemhurgensi
531 2039 756 2148 praestitum
779 2050 911 2124 contra
937 2037 1147 2149 quoslihet,
1175 2047 1328 2148 excepto
1354 2035 1582 2146 imperatore
1608 2049 1645 2121 et

241 2170 400 2281 imperio
417 2199 462 2257 ac
478 2173 759 2284 archiepiscopo
776 2172 1071 2284 Mogontinensi.

323 2411 425 2490 (Edld.
440 2414 719 2493 11111111111111.
736 2411 875 2476 11111111
893 2415 944 2478 cic.
961 2411 1002 2475 du
1019 2410 1108 2475 1111ιὲ
1121 2411 1158 2474 dc
1171 2409 1384 2494 Lwcmhonrq,
1402 2419 1426 2474 t.
1447 2411 1486 2492 V,
1501 2429 1642 2491 preuves,

360 2537 390 2595 p.
408 2527 457 2594 20,
474 2535 512 2580 ex
525 2520 608 2582 arch.
624 2523 683 2580 clv.
699 2518 910 2598 Lucemburg.)

294 2731 490 2806 conrardus
529 2734 600 2806 divi
645 2735 782 2830 augusti
815 2735 1033 2830 imperatoris
1075 2733 1239 2806 Friderici
1278 2729 1396 2824 filiun,
1439 2734 1500 2823 Dei
1533 2736 1643 2826 gratia

239 2857 473 2931 Romanorum
490 2859 525 2930 in
545 2880 661 2953 regem
679 2859 809 2932 electus
825 2882 962 2956 semper
976 2869 1145 2952 augustus
1158 2868 1194 2931 et
1209 2858 1310 2931 heres
1325 2857 1423 2949 regni
1438 2857 1641 2950 Jerusalem,

238 2981 409 3054 universis
425 2983 560 3079 imperii
577 2981 737 3056 fidelihus
755 2994 936 3080 presentes
953 2983 1085 3056 litteras
1104 2981 1311 3077 inspecturis
1332 2981 1479 3075 gratiam
1495 3003 1592 3054 suam
1610 2993 1645 3055 et

240 3105 499 3179 omnebonum.
515 3107 735 3180 Universitati
751 3118 866 3179 vestre
882 3116 1004 3179 notum
1019 3107 1163 3180 facimus
1179 3129 1242 3202 per
1255 3116 1432 3202 presentes
1441 3106 1535 3199 quod
1548 3107 1646 3179 War-

239 3251 345 3302 nerus
370 3230 414 3302 de
433 3230 600 3303 Bolaudia
624 3229 736 3304 fidelis
758 3242 876 3304 noster
898 3231 979 3304 fecit
1000 3231 1199 3323 homagium
1227 3229 1400 3302 comitissa
1429 3229 1474 3302 de
1499 3231 1643 3302 Lucem·

238 3353 372 3427 honrch
397 3356 541 3450 ejusque
562 3355 772 3446 heredibus,
790 3357 938 3451 receptis
956 3355 1001 3428 ah
1019 3377 1061 3428 ea
1081 3355 1180 3426 titulo
1200 3354 1326 3427 leodali
1342 3365 1460 3426 monte
1475 3355 1645 3427 castrensi

240 3488 276 3551 ot
295 3478 392 3551 curia
407 3480 501 3575 apud
519 3481 709 3556 lmsweiler
723 3482 918 3555 valentibus
937 3479 987 3576 (o)
1005 3481 1185 3553 annuatim
1204 3479 1343 3572 triginta
1356 3479 1462 3552 libras
1483 3479 1646 3552 Metensis

240 3613 379 3675 moneta
389 3656 400 3693 ‚
422 3615 579 3697 quotam
600 3605 674 3701 ipse
692 3605 882 3678 Wemems
902 3626 1006 3698 quam
1025 3605 1080 3676 sui
1095 3603 1242 3676 heredes
1257 3625 1278 3675 a
1299 3602 1455 3699 predicta
1473 3603 1645 3676 comitissa

240 3726 385 3820 ejusque
401 3725 589 3800 heredibus
604 3729 787 3801 feodaliter
803 3728 1046 3824 possidebunt,
1066 3736 1236 3821 ematque
1253 3727 1302 3799 eis
1326 3726 1488 3819 homagio
1504 3725 1647 3820 obligati

240 3859 275 3922 et
291 3851 501 3923 tenebuntur
514 3851 675 3924 assistere
689 3852 821 3926 eisdem
836 3861 957 3925 contra
972 3851 1164 3946 quoslibet,
1182 3862 1331 3947 excepto
1347 3850 1489 3923 domino
1501 3861 1537 3922 et
1547 3861 1646 3946 patre

239 3984 379 4066 nostro,
396 3974 497 4047 nobis
520 3987 556 4047 et
569 3975 714 4071 imperio
733 3997 775 4048 ac
792 3976 1051 4072 archiepiscopo
1067 3975 1342 4067 Moguntinensi‚
1362 3975 1399 4046 in
1421 3996 1463 4046 ea
1480 3975 1591 4047 forma
1612 3985 1648 4045 et

238 4097 374 4190 juribus
389 4099 435 4172 ad
449 4121 517 4195 que
529 4101 609 4195 jure
626 4110 801 4174 tenentur.
821 4100 878 4176 lu
897 4103 997 4194 cujus
1017 4101 1068 4173 rei
1089 4101 1307 4192 memoriam,
1325 4110 1504 4195 presentes
1515 4098 1647 4170 litteras

240 4217 316 4292 heri
333 4220 478 4294 fecimus
493 4231 529 4294 et
546 4223 660 4316 sigillo
675 4233 793 4297 nostre
809 4224 1024 4297 celsitudinis
1040 4224 1208 4296 roborari.

290 4345 416 4418 Actum
433 4357 469 4418 et
480 4346 601 4420 datum
612 4347 707 4443 apud
717 4346 949 4441 Rotenherch,
967 4347 1185 4440 annogracie
1198 4345 1381 4437 MCCXLII,
1398 4365 1519 4418 mense
1529 4347 1649 4440 janua·

244 4469 314 4560 rio,
330 4469 393 4542 XV
410 4469 612 4544 indictione.

285 4699 326 4779 (a)
349 4700 384 4762 ln
397 4703 539 4780 lmprcsso
551 4698 691 4764 salmosa.
