4318 5904
780 624 1091 691 edomant-:dvm
1578 633 1641 696 927

229 760 315 832 lium
336 770 389 834 est
415 767 641 855 protractum.
668 761 853 836 Postmodo
875 761 1104 836 comederunt
1126 761 1343 854 festinanter,
1371 774 1406 836 et
1431 766 1640 861 precedente

230 883 399 975 carmtio,
416 883 628 955 unanimiter
643 893 726 956 sunt
738 886 880 977 egressi.
899 888 976 959 Non
994 886 1160 958 remansit
1172 887 1207 957 in
1220 887 1388 960 Cremona
1413 910 1458 960 ex
1479 890 1530 962 eis
1545 891 1641 984 quis·

229 1028 336 1100 quam
360 1006 422 1100 qui
444 1016 598 1079 armatus
620 1020 739 1102 posset
760 1007 922 1082 incedere
944 1019 981 1082 et
1001 1010 1037 1082 iu
1056 1011 1148 1083 bello
1165 1010 1362 1103 confligere.
1379 1011 1423 1084 Et
1435 1023 1489 1086 est
1501 1014 1536 1084 in
1553 1037 1639 1088 oon·

228 1131 374 1203 scientia
386 1151 464 1203 mea
480 1128 618 1224 quodsi
633 1130 707 1202 sine
721 1151 819 1204 mora
834 1135 991 1206 Parmam
1005 1134 1183 1206 venissent
1196 1143 1231 1207 et
1246 1135 1391 1207 viriliter
1402 1136 1638 1228 dimicassent,

230 1255 363 1347 absque
387 1254 493 1326 dubio
516 1274 594 1326 eam
609 1268 891 1352 recuperassent,
908 1266 981 1329 tum
996 1257 1078 1352 quia
1093 1259 1217 1330 Parma
1229 1259 1381 1332 totaliter
1393 1260 1547 1353 undique
1564 1271 1641 1334 erat

231 1387 371 1473 aperta,
389 1377 523 1450 nullam
543 1378 740 1450 clausuram
763 1379 913 1470 babens,
948 1390 1021 1452 tum
1049 1381 1131 1475 quia
1148 1381 1305 1454 nondum
1320 1392 1465 1454 venerat
1477 1383 1525 1454 eis
1538 1384 1641 1455 auxi·

233 1500 337 1593 lium,
356 1511 429 1573 tum
445 1501 551 1574 etiam
563 1502 657 1596 quod
673 1503 723 1574 illi
737 1503 797 1597 qui
810 1504 957 1575 orantia
971 1504 1110 1578 civitate
1124 1505 1221 1601 prius
1236 1505 1475 1578 indifferenter
1485 1529 1522 1578 se
1535 1506 1642 1580 habe·

233 1624 331 1698 bant.
349 1625 537 1698 Collocavit
548 1647 586 1697 se
602 1649 668 1699 rex
681 1627 825 1699 llentius
840 1649 920 1699 cum
934 1629 1089 1700 exercitu
1105 1628 1385 1701 Cremonensium
1397 1629 1501 1720 juxta
1513 1631 1641 1702 Tarum

233 1751 407 1822 blortuum
423 1758 459 1820 et
475 1770 545 1821 non
561 1750 658 1822 venit
670 1750 716 1822 ad
732 1749 888 1824 Parmam
898 1804 909 1841 ,
919 1761 959 1822 ut
970 1750 1151 1824 induceret
1159 1752 1326 1824 Dominus
1339 1773 1444 1847 super
1457 1773 1518 1824 eos
1531 1754 1636 1826 mala.

232 1873 381 1946 Volebat
400 1873 492 1944 enim
516 1873 564 1944 ibi
585 1883 770 1969 expectare
788 1895 972 1969 quousque
996 1884 1096 1970 pater
1111 1897 1195 1947 suus
1209 1876 1396 1971 imperator
1406 1876 1559 1966 veniret,
1578 1877 1641 1969 qui

233 2003 308 2068 orat
332 1995 529 2068 incivitate
552 1998 691 2068 Taurini
696 2049 1190 2072 .............
1214 2000 1321 2071 Porro
1346 2001 1455 2070 Tarus
1482 2001 1640 2074 Mortuus

231 2120 587 2215 appellaturquedam
597 2142 765 2213 aquarum
780 2123 1002 2214 congregatio
1017 2144 1086 2215 qua
1099 2122 1329 2214 egrediturde
1340 2124 1428 2195 'Paro
1441 2123 1535 2212 vivo,
1554 2134 1641 2196 tem·

233 2264 318 2339 pore
328 2265 399 2336 quo
414 2244 678 2340 superinundat,
696 2255 732 2316 et
745 2245 826 2316 lacit
836 2246 1140 2339 congregationem
1151 2268 1321 2340 aquarum
1330 2247 1376 2318 ad
1385 2246 1528 2320 modum
1543 2247 1641 2322 lacus

231 2369 288 2440 vel
303 2368 415 2459 stagni
419 2419 671 2442 .......
686 2369 771 2441 Cum
789 2379 906 2441 autem
919 2390 984 2441 rex
997 2369 1146 2442 llencius
1156 2370 1285 2442 ibidem
1302 2391 1383 2441 cum
1400 2371 1641 2444 Cremonensi·

232 2490 298 2563 bus
320 2491 428 2587 patris
450 2493 698 2586 prestolaretur
722 2493 929 2582 adventum,
951 2493 1194 2566 Parmensibus
1218 2492 1280 2587 qui
1295 2493 1470 2566 civitatem
1486 2495 1640 2568 intrave-

233 2624 312 2686 rant
333 2614 461 2687 cotidie
481 2616 636 2709 undique
659 2617 926 2711 superveniebat
950 2617 1136 2708 auxilium,
1160 2637 1242 2688 nam
1268 2615 1638 2711 dominusllizardus,

233 2759 350 2810 comes
383 2738 500 2810 Sancti
526 2740 707 2831 bonifacii,
737 2738 782 2811 da
804 2742 959 2840 Verona,
988 2753 1149 2812 strenuus
1176 2740 1274 2812 miles
1297 2749 1332 2811 et
1359 2741 1490 2836 probus
1512 2741 1637 2832 valde,

233 2860 374 2954 quando
389 2864 511 2934 Parma
530 2864 712 2936 rebellavit
729 2864 948 2959 imperatori,
974 2865 1106 2959 primns
1125 2864 1190 2936 init
1210 2864 1271 2956 qui
1284 2864 1525 2936 Parmensibus
1542 2864 1640 2938 dedit

233 3006 453 3078 succursum,
470 2988 530 3082 qui
543 2988 689 3060 veniens
707 3010 770 3084 per
782 2989 993 3061 Guastallam
1010 3010 1091 3060 cum
1110 2987 1227 3060 multis
1241 2987 1382 3059 armatis
1397 2987 1572 3079 ingressus
1586 2999 1641 3062 est

233 3108 466 3183 Parmensium
480 3112 668 3184 civitatem.
686 3113 729 3184 llt
743 3112 966 3205 Parmenses,
985 3111 1052 3184 hoc
1067 3112 1244 3186 servitium
1257 3121 1522 3204 cognoscentes,
1534 3112 1642 3184 dede-

233 3244 315 3306 mnt
340 3235 373 3306 ei
397 3236 564 3330 palatium
592 3236 810 3332 imperatoris
832 3236 927 3332 quod
954 3247 1007 3309 est
1031 3236 1068 3307 in
1092 3235 1207 3308 Arena
1229 3235 1276 3307 ad
1299 3233 1585 3324 inhabitandum,
1603 3243 1639 3306 et

232 3355 398 3431 dixerunt
425 3359 521 3453 quod
547 3370 638 3432 esset
666 3360 828 3434 dominus
853 3383 933 3434 cum
964 3361 1034 3433 suis
1057 3361 1103 3432 ad
1125 3359 1387 3433 custodiendam
1403 3359 1577 3430 civitatem
1593 3380 1638 3431 ex

233 3492 330 3576 parte
351 3483 572 3576 Reginorum.
604 3485 771 3577 Sequenti
796 3484 853 3557 die
884 3485 980 3557 venit
1005 3483 1126 3556 militia
1155 3483 1452 3574 Placentinorum,
1480 3493 1516 3555 et
1540 3492 1641 3555 erant

233 3605 379 3676 trecenti
390 3606 516 3676 milites
533 3606 648 3700 quoad
663 3627 772 3699 equos
795 3616 830 3678 et
848 3627 944 3678 arma
960 3607 1091 3701 optime
1107 3605 1295 3700 preparati.
1316 3606 1356 3676 lli
1372 3605 1514 3677 luerunt
1527 3615 1641 3677 custo-

199 3703 204 3721 ²
232 3723 296 3797 des
326 3727 476 3799 civitatis
501 3729 537 3798 in
554 3730 672 3820 glarea
705 3730 856 3801 lluminis
879 3731 1014 3820 Parme,
1042 3728 1217 3800 interdum
1248 3728 1390 3823 quando
1410 3749 1552 3800 necesse
1565 3738 1642 3801 erat

232 3850 355 3924 armati
380 3849 536 3924 sedendo
564 3853 600 3925 in
628 3854 744 3948 equis;
769 3866 805 3927 et
820 3864 894 3926 erat
910 3854 1008 3926 labor
1025 3853 1090 3924 iste
1108 3851 1223 3947 potius
1238 3851 1285 3923 ad
1300 3852 1460 3923 solatium
1476 3873 1581 3944 quam
1592 3850 1641 3924 ad

229 3973 472 4067 gravedinem,
488 3977 565 4048 aliis
576 3998 660 4050 vero
677 3977 800 4050 diebus
815 3988 850 4050 et
863 3979 1088 4050 morabantur
1100 3976 1135 4046 in
1149 3974 1308 4071 hospitiis
1319 3975 1408 4066 suis,
1425 3986 1461 4047 et
1471 3975 1641 4069 ibantper

231 4095 408 4169 civitatem
431 4100 642 4191 solatiando,
672 4101 815 4194 quando
844 4100 1022 4172 volebant.
1052 4101 1158 4172 Porro
1178 4097 1277 4169 tertia
1294 4095 1350 4168 die
1366 4106 1445 4191 post
1459 4096 1638 4168 introitum

230 4220 366 4292 comitis
381 4223 498 4295 Sancti
514 4224 678 4297 Bonifacii
693 4225 791 4297 venit
806 4223 968 4296 dominus
983 4222 1170 4314 Gregorius
1183 4220 1228 4292 de
1246 4219 1485 4311 lllontelongo,
1504 4219 1640 4310 legatus
1676 4309 1683 4319 ·

231 4340 363 4415 domini
392 4367 499 4443 pape,
533 4357 569 4420 et
597 4348 759 4420 dominus
788 4347 984 4419 Bernardus
1004 4345 1150 4419 Rolandi
1171 4343 1300 4433 liubai,
1318 4352 1486 4436 cognatus
1507 4341 1642 4414 domini

231 4467 422 4542 Innocentii
449 4492 539 4567 pape
560 4471 673 4565 quarti
696 4493 775 4543 cum
786 4471 880 4543 mille
894 4469 1061 4542 militibus
1074 4469 1119 4541 de
1132 4467 1348 4559 Mediolano,
1365 4476 1400 4537 et
1415 4465 1641 4539 hicustodie·

230 4588 317 4663 bant
338 4591 513 4665 civitatem
540 4617 662 4666 versus
680 4605 816 4667 montes
839 4593 875 4662 in
887 4594 1004 4684 glarea
1020 4591 1171 4664 lluminis
1184 4591 1324 4679 Parme,
1340 4587 1481 4683 quando
1497 4609 1640 4662 necesse

230 4724 317 4786 erat.
336 4716 539 4790 Parmenses
553 4739 637 4792 vero
654 4719 856 4791 locaverunt
872 4738 909 4789 se
926 4738 1007 4788 cum
1021 4718 1134 4809 legato
1151 4725 1252 4787 extra
1267 4711 1464 4804 civitatem,
1480 4711 1516 4783 in
1533 4722 1644 4786 strata
