4318 5904
774 621 1086 686 tuutuauutturt.
1573 625 1635 689 899

217 778 405 831 monemus
419 767 455 830 et
471 757 652 830 hortamur
665 779 728 854 per
744 759 877 831 viscera
893 757 1129 831 misericordie
1143 758 1223 831 Jesu
1232 758 1374 849 Christi,
1388 767 1559 852 quatenus
1568 760 1636 834 hoc

220 882 429 978 prudentius
447 882 536 954 sicut
552 883 717 955 convenit
737 883 976 972 attendentes,
992 905 1097 976 quam
1116 881 1291 954 horrenda
1308 893 1343 955 et
1355 905 1460 978 quam
1476 883 1635 956 abhomi-

219 1006 349 1078 nabilis
373 1005 497 1079 Christi
519 1004 682 1078 fidelibus
706 1006 868 1079 videatur
892 1006 1047 1079 detentio
1067 1005 1319 1102 predictorum,
1345 1008 1435 1078 lame
1459 985 1575 1080 vestre
1600 1018 1636 1082 et

221 1130 326 1203 saluti
339 1131 474 1220 anime,
489 1151 558 1223 que
573 1132 821 1226 temporalibus
835 1140 888 1202 est
902 1131 1064 1202 omnibus
1082 1131 1330 1226 preponenda,
1348 1131 1531 1204 salubriter
1548 1155 1634 1205 cou-

221 1253 363 1344 sulatis,
383 1254 494 1351 ipsos,
511 1254 617 1326 immo
630 1255 803 1327 Christum
818 1255 855 1327 in
871 1255 971 1350 ipsis,
989 1276 1077 1348 quos
1090 1264 1225 1327 constat
1242 1255 1335 1350 apud
1349 1256 1459 1326 Deum
1474 1265 1509 1328 et
1523 1255 1635 1329 homi·

220 1399 285 1450 nes
304 1388 446 1474 propter
471 1378 538 1451 hoc
561 1378 702 1474 premiis
732 1379 857 1472 dignos
876 1399 970 1469 esse,
995 1377 1210 1451 restituendo
1225 1379 1342 1451 divine
1357 1380 1492 1474 pietatis
1506 1379 1634 1453 intuitu

219 1501 385 1575 libertati.
420 1505 493 1575 Hoc
523 1502 617 1574 enim
646 1511 760 1598 potest
789 1523 864 1576 esse
890 1502 983 1574 viam
1008 1502 1297 1574 reconciliationis
1318 1503 1363 1575 ad
1376 1516 1521 1576 matrem
1537 1515 1572 1576 et
1587 1505 1635 1578 ad

218 1626 333 1698 Deum
356 1647 421 1722 per
442 1647 675 1720 consequens,
703 1649 806 1722 quem
833 1627 869 1699 in
895 1627 963 1699 boc
988 1627 1140 1720 graviter
1157 1626 1359 1698 offendistis.
1376 1627 1430 1698 Ex
1446 1627 1513 1700 hoc
1528 1628 1634 1700 etiam

219 1749 350 1842 poterit
375 1750 521 1822 relevari
538 1749 674 1844 imperii
698 1751 806 1822 vestri
830 1761 960 1841 status,
988 1759 1024 1821 et
1045 1749 1243 1842 acquiretur
1259 1748 1357 1822 vobis
1372 1750 1491 1822 titulus
1506 1772 1633 1844 magne

221 1871 335 1944 laudis
349 1883 385 1944 et
408 1875 505 1947 lavor
520 1873 567 1945 ad
590 1882 749 1968 posteros
773 1885 907 1947 vestros
931 1893 1146 1946 successores
1162 1872 1297 1968 imperii
1312 1873 1537 1946 derivandos.
1554 1876 1631 1948 Mo·

220 2006 327 2067 veant
344 1997 462 2090 itaque
482 1997 700 2068 clementiam
716 2007 867 2069 vestram
886 1998 1057 2089 singultus
1069 2005 1106 2068 et
1116 1997 1255 2067 lacrimo
1274 1996 1419 2068 ecclesie
1436 1998 1628 2092 Gallicane;

220 2129 386 2191 moveant
410 2121 527 2212 itaque
548 2119 762 2215 imperialem
787 2121 1089 2193 mansuetudinem
1116 2120 1310 2192 reverentia
1336 2122 1418 2193 Jesu
1449 2122 1572 2195 Christi
1594 2135 1632 2196 et

220 2242 446 2314 nibilominus
455 2244 589 2335 justitie
605 2244 797 2334 rectitudo,
820 2265 889 2339 qua
904 2266 1024 2336 regum
1039 2253 1074 2316 et
1087 2243 1282 2338 principum
1292 2243 1415 2314 solium
1430 2245 1625 2318 roboratur.

205 2366 320 2438 ‘Stent
332 2367 436 2438 etiam
453 2368 488 2437 in
507 2377 695 2463 conspectu
708 2369 917 2441 conscientie
933 2378 1048 2440 vestre
1064 2367 1165 2439 timor
1178 2367 1334 2458 Domini,
1353 2367 1442 2460 ignis
1453 2366 1626 2460 gehenne,

218 2490 290 2561 vite
304 2490 456 2562 brevitas
474 2502 508 2562 et
529 2491 789 2565 incertitudines
811 2493 886 2585 ejus
905 2489 1003 2581 linis,
1025 2500 1059 2563 et
1078 2512 1183 2586 super
1202 2491 1319 2562 omnia
1337 2491 1440 2563 timor
1459 2493 1628 2565 tremendi

213 2613 357 2707 judicii,
382 2615 418 2712 in
440 2636 511 2710 quo
531 2637 597 2689 nec
618 2617 799 2688 excusatio
815 2639 880 2688 nec
893 2615 1100 2712 supplicatio
1117 2616 1232 2687 locum
1245 2613 1310 2687 sibi
1327 2625 1490 2709 potemnt
1505 2617 1628 2689 vendi·

218 2757 311 2808 care.
330 2737 458 2811 Audite
470 2749 505 2811 et
522 2740 685 2813 exaudite
702 2740 852 2833 benigne
873 2761 995 2836 preces
1009 2739 1160 2810 Ecclesia
1175 2740 1411 2834 supplicantis.
1429 2739 1463 2812 Si
1478 2739 1570 2810 enim
1582 2741 1629 2813 ad

218 2857 327 2952 ipsius
346 2862 550 2952 clamorem,
575 2862 670 2956 quod
690 2864 798 2953 absit,
821 2861 1065 2935 obturaveritis
1086 2883 1188 2934 aures
1202 2873 1351 2953 vestras,
1368 2863 1560 2935 verendum
1575 2875 1628 2937 est

218 3003 263 3054 ne
278 2983 387 3079 ipsius
409 2986 623 3077 singultuose
648 2986 789 3060 lacrime
812 3009 882 3058 una
904 3009 984 3060 cum
1003 2986 1278 3082 compeditorum
1292 2987 1477 3078 gemitibus
1489 2986 1628 3060 Domini

218 3107 417 3202 patientiam
427 3110 894 3202 excitentadvindictam,et
902 3111 1042 3184 devotio
1054 3108 1208 3182 fidelium
1219 3111 1369 3184 Eoclesie
1383 3111 1519 3200 audita,
1532 3111 1628 3206 quod

218 3250 287 3303 non
306 3243 484 3326 optamus,
505 3233 676 3328 imperiali
691 3235 838 3326 duritia,
857 3235 980 3329 spiritu
995 3235 1133 3307 Domini
1157 3235 1327 3325 excitata,
1353 3256 1432 3307 cum
1456 3237 1628 3308 membro-

218 3377 446 3429 rumsuorum
454 3367 523 3429 tam
533 3358 764 3431 miserabilem
778 3357 1625 3458 lesionemsustinerenouvaleat,zelosincero(?)

218 3479 427 3552 accendatur
446 3482 492 3555 ad
512 3493 644 3555 tantam
670 3482 832 3575 injuriam
854 3485 915 3555 llei
939 3493 974 3555 et
995 3483 1147 3554 Ecclesie
1168 3483 1406 3556 relevandam.
1421 3484 1508 3555 Nam
1527 3484 1625 3576 licet,

217 3604 367 3696 peccatis
380 3605 621 3700 exigentibus,
641 3608 808 3680 Dominus
824 3607 876 3706 (o)
891 3610 1022 3704 populo
1040 3629 1103 3680 suo
1116 3607 1161 3680 ad
1181 3617 1316 3703 tempus
1327 3607 1489 3681 videatur
1507 3608 1626 3700 irasci,

139 3707 143 3716 ¹
215 3737 534 3824 quantumcumque
550 3732 640 3804 Petri
655 3733 817 3805 navicula
832 3733 963 3804 turbari
975 3732 1124 3824 dicatur,
1143 3731 1314 3804 excitatus
1332 3739 1447 3803 tamen
1462 3733 1628 3804 Dominus

216 3852 367 3927 clamore
394 3877 536 3928 suorum
550 3858 658 3929 iratus
673 3856 909 3929 misericordie
923 3879 1017 3928 nuno
1034 3856 1285 3947 recordabitur,
1303 3865 1339 3926 et
1354 3877 1500 3947 surgens
1515 3857 1629 3928 ventis

213 3984 250 4047 et
265 3978 352 4049 mari
370 3979 511 4075 pariter,
539 4002 620 4053 cum
649 3981 715 4054 sibi
736 3981 922 4076 placuerit,
945 3980 1148 4076 imperabit,
1168 3978 1298 4073 fietque
1316 4000 1442 4071 magna
1458 3979 1626 4072 tranquil·

215 4099 315 4190 litas,
330 4101 377 4174 ita
397 4099 463 4201 [ut]
480 4103 635 4176 videntes
651 4104 803 4177 divinam
825 4105 1027 4200 patientiam
1051 4127 1122 4176 non
1142 4104 1322 4176 mirentur.
1339 4102 1517 4197 Proprium
1534 4103 1625 4175 enim

213 4223 368 4296 Ecclesie
383 4227 472 4298 solet
490 4248 565 4299 esse
586 4238 626 4298 ut
644 4237 727 4299 tunc
742 4227 860 4300 vincat
877 4249 957 4299 cum
971 4227 1099 4300 leditur
1114 4236 1150 4298 et
1166 4225 1341 4318 affligitur,
1363 4239 1445 4298 tunc
1458 4226 1629 4319 intelligat

213 4367 294 4418 oum
307 4349 477 4442 arguitur,
504 4359 585 4422 tuno
610 4371 731 4423 secura
755 4348 828 4450 [sit]
851 4373 931 4423 cum
949 4352 1023 4423 sola
1036 4349 1258 4444 relinquitur,
1277 4350 1531 4422 tuncobtineat
1546 4371 1627 4422 cum

213 4480 376 4566 superata
397 4471 549 4546 videtur.
575 4476 743 4571 Tempore
768 4475 860 4547 euim
879 4474 1020 4566 diluvii,
1045 4474 1166 4566 archa,
1192 4495 1375 4569 perquam
1396 4475 1457 4546 Dei
1472 4474 1627 4548 Ecclesia

256 4733 297 4815 (a)
319 4735 376 4797 llic
388 4737 508 4800 additur
515 4757 610 4820 popo,
628 4741 708 4819 qood
721 4757 841 4802 sensum
855 4741 967 4802 turbat.
