<?xml version="1.0" encoding="UTF-8"?>
<!DOCTYPE html PUBLIC "-//W3C//DTD XHTML 1.0 Transitional//EN"
    "http://www.w3.org/TR/xhtml1/DTD/xhtml1-transitional.dtd">
<html xmlns="http://www.w3.org/1999/xhtml" xml:lang="en" lang="en">
 <head>
  <title>
</title>
<meta http-equiv="Content-Type" content="text/html;charset=utf-8" />
  <meta name='ocr-system' content='tesseract 3.04.00' />
  <meta name='ocr-capabilities' content='ocr_page ocr_carea ocr_par ocr_line ocrx_word'/>
</head>
<body>
  <div class='ocr_page' id='page_1' title='image "./historiadiploma00fredgoog/historiadiploma00fredgoog_0033.png"; bbox 0 0 4352 5940; ppageno 0'>
   <div class='ocr_carea' id='block_1_1' title="bbox 500 514 1906 596">
    <p class='ocr_par' dir='ltr' id='par_1_1' title="bbox 500 514 1906 596">
     <span class='ocr_line' id='line_1_1' title="bbox 500 514 1906 596; baseline 0.001 -18"><span class='ocrx_word' id='word_1_1' title='bbox 500 514 562 578; x_wconf 87' lang='grc'>568</span> <span class='ocrx_word' id='word_1_2' title='bbox 999 517 1213 582; x_wconf 76' lang='lat' dir='ltr'>rntbsulcl</span> <span class='ocrx_word' id='word_1_3' title='bbox 1238 516 1412 582; x_wconf 75' lang='lat' dir='ltr'>suctum</span> <span class='ocrx_word' id='word_1_4' title='bbox 1717 515 1801 596; x_wconf 75' lang='lat' dir='ltr'>[Ass.</span> <span class='ocrx_word' id='word_1_5' title='bbox 1818 517 1906 580; x_wconf 68' lang='lat' dir='ltr'>latr.</span> 
     </span>
    </p>
   </div>
   <div class='ocr_carea' id='block_1_2' title="bbox 497 649 1910 2606">
    <p class='ocr_par' dir='ltr' id='par_1_2' title="bbox 497 649 1910 2606">
     <span class='ocr_line' id='line_1_2' title="bbox 500 649 1910 749; baseline 0.002 -26"><span class='ocrx_word' id='word_1_6' title='bbox 500 652 537 723; x_wconf 91' lang='lat' dir='ltr'>in</span> <span class='ocrx_word' id='word_1_7' title='bbox 551 649 760 725; x_wconf 79' lang='lat' dir='ltr'>adherentes</span> <span class='ocrx_word' id='word_1_8' title='bbox 773 661 808 724; x_wconf 91' lang='lat' dir='ltr'>et</span> <span class='ocrx_word' id='word_1_9' title='bbox 820 652 976 726; x_wconf 82' lang='lat' dir='ltr'>faventes</span> <span class='ocrx_word' id='word_1_10' title='bbox 988 653 1146 749; x_wconf 90' lang='lat' dir='ltr'>predicto</span> <span class='ocrx_word' id='word_1_11' title='bbox 1159 652 1342 727; x_wconf 86' lang='lat' dir='ltr'>Frederioo</span> <span class='ocrx_word' id='word_1_12' title='bbox 1358 652 1530 726; x_wconf 87' lang='lat' dir='ltr'>sententia</span> <span class='ocrx_word' id='word_1_13' title='bbox 1546 652 1910 726; x_wconf 70' lang='lat' dir='ltr'>excommunicationis</span> 
     </span>
     <span class='ocr_line' id='line_1_3' title="bbox 500 765 1909 871; baseline 0.002 -23"><span class='ocrx_word' id='word_1_14' title='bbox 500 765 744 849; x_wconf 79' lang='lat' dir='ltr'>damnabiliter</span> <span class='ocrx_word' id='word_1_15' title='bbox 760 776 938 871; x_wconf 81' lang='lat' dir='ltr'>vilipensis</span> <span class='ocrx_word' id='word_1_16' title='bbox 959 786 994 849; x_wconf 90' lang='lat' dir='ltr'>et</span> <span class='ocrx_word' id='word_1_17' title='bbox 1013 775 1179 851; x_wconf 86' lang='lat' dir='ltr'>fidelitate</span> <span class='ocrx_word' id='word_1_18' title='bbox 1199 788 1328 852; x_wconf 91' lang='lat' dir='ltr'>temere</span> <span class='ocrx_word' id='word_1_19' title='bbox 1350 778 1522 870; x_wconf 78' lang='lat' dir='ltr'>relegata,</span> <span class='ocrx_word' id='word_1_20' title='bbox 1537 799 1575 850; x_wconf 89' lang='lat' dir='ltr'>se</span> <span class='ocrx_word' id='word_1_21' title='bbox 1597 777 1642 848; x_wconf 91' lang='lat' dir='ltr'>ab</span> <span class='ocrx_word' id='word_1_22' title='bbox 1661 777 1736 869; x_wconf 88' lang='lat' dir='ltr'>ejus</span> <span class='ocrx_word' id='word_1_23' title='bbox 1757 775 1909 851; x_wconf 90' lang='lat' dir='ltr'>dominio</span> 
     </span>
     <span class='ocr_line' id='line_1_4' title="bbox 500 900 1908 996; baseline 0.001 -24"><span class='ocrx_word' id='word_1_24' title='bbox 500 900 733 973; x_wconf 86' lang='lat' dir='ltr'>subducentes</span> <span class='ocrx_word' id='word_1_25' title='bbox 754 901 888 995; x_wconf 84' lang='lat' dir='ltr'>prelato</span> <span class='ocrx_word' id='word_1_26' title='bbox 906 900 1080 973; x_wconf 89' lang='lat' dir='ltr'>Friderico</span> <span class='ocrx_word' id='word_1_27' title='bbox 1101 903 1267 974; x_wconf 84' lang='lat' dir='ltr'>assistunt</span> <span class='ocrx_word' id='word_1_28' title='bbox 1292 909 1412 974; x_wconf 87' lang='lat' dir='ltr'>contra</span> <span class='ocrx_word' id='word_1_29' title='bbox 1439 901 1553 996; x_wconf 89' lang='lat' dir='ltr'>ipsum</span> <span class='ocrx_word' id='word_1_30' title='bbox 1578 910 1614 972; x_wconf 93' lang='lat' dir='ltr'>et</span> <span class='ocrx_word' id='word_1_31' title='bbox 1637 901 1827 973; x_wconf 85' lang='lat' dir='ltr'>Ecclesiam</span> <span class='ocrx_word' id='word_1_32' title='bbox 1845 921 1908 996; x_wconf 92' lang='lat' dir='ltr'>pro</span> 
     </span>
     <span class='ocr_line' id='line_1_5' title="bbox 499 1011 1907 1120; baseline 0.001 -23"><span class='ocrx_word' id='word_1_33' title='bbox 499 1011 632 1097; x_wconf 87' lang='lat' dir='ltr'>viribus</span> <span class='ocrx_word' id='word_1_34' title='bbox 648 1034 683 1097; x_wconf 91' lang='lat' dir='ltr'>et</span> <span class='ocrx_word' id='word_1_35' title='bbox 698 1033 870 1120; x_wconf 87' lang='lat' dir='ltr'>potenter.</span> <span class='ocrx_word' id='word_1_36' title='bbox 889 1023 977 1110; x_wconf 88' lang='lat' dir='ltr'>Quin</span> <span class='ocrx_word' id='word_1_37' title='bbox 997 1045 1082 1097; x_wconf 89' lang='lat' dir='ltr'>vcro</span> <span class='ocrx_word' id='word_1_38' title='bbox 1102 1025 1246 1118; x_wconf 81' lang='lat' dir='ltr'>dignum</span> <span class='ocrx_word' id='word_1_39' title='bbox 1264 1035 1372 1097; x_wconf 90' lang='lat' dir='ltr'>estut</span> <span class='ocrx_word' id='word_1_40' title='bbox 1387 1023 1449 1118; x_wconf 89' lang='lat' dir='ltr'>qui</span> <span class='ocrx_word' id='word_1_41' title='bbox 1464 1023 1614 1116; x_wconf 80' lang='lat' dir='ltr'>diligunt</span> <span class='ocrx_word' id='word_1_42' title='bbox 1630 1023 1907 1098; x_wconf 85' lang='lat' dir='ltr'>maledictionem</span> 
     </span>
     <span class='ocr_line' id='line_1_6' title="bbox 499 1147 1907 1244; baseline -0.001 -22"><span class='ocrx_word' id='word_1_43' title='bbox 499 1147 618 1222; x_wconf 86' lang='lat' dir='ltr'>veniat</span> <span class='ocrx_word' id='word_1_44' title='bbox 633 1147 683 1220; x_wconf 91' lang='lat' dir='ltr'>eis</span> <span class='ocrx_word' id='word_1_45' title='bbox 703 1147 818 1241; x_wconf 88' lang='lat' dir='ltr'>etqui</span> <span class='ocrx_word' id='word_1_46' title='bbox 841 1149 965 1220; x_wconf 94' lang='lat' dir='ltr'>nolunt</span> <span class='ocrx_word' id='word_1_47' title='bbox 983 1147 1263 1221; x_wconf 85' lang='lat' dir='ltr'>benedictionem</span> <span class='ocrx_word' id='word_1_48' title='bbox 1288 1149 1514 1244; x_wconf 80' lang='lat' dir='ltr'>prolongetur</span> <span class='ocrx_word' id='word_1_49' title='bbox 1533 1148 1579 1219; x_wconf 89' lang='lat' dir='ltr'>ab</span> <span class='ocrx_word' id='word_1_50' title='bbox 1601 1147 1687 1238; x_wconf 92' lang='lat' dir='ltr'>illis,</span> <span class='ocrx_word' id='word_1_51' title='bbox 1703 1147 1907 1220; x_wconf 88' lang='lat' dir='ltr'>mandamus</span> 
     </span>
     <span class='ocr_line' id='line_1_7' title="bbox 500 1269 1908 1370; baseline -0.001 -22"><span class='ocrx_word' id='word_1_52' title='bbox 500 1283 670 1370; x_wconf 88' lang='lat' dir='ltr'>quatenns</span> <span class='ocrx_word' id='word_1_53' title='bbox 686 1272 715 1344; x_wconf 90' lang='lat' dir='ltr'>si</span> <span class='ocrx_word' id='word_1_54' title='bbox 731 1293 786 1344; x_wconf 90' lang='lat' dir='ltr'>res</span> <span class='ocrx_word' id='word_1_55' title='bbox 802 1269 850 1342; x_wconf 90' lang='lat' dir='ltr'>ita</span> <span class='ocrx_word' id='word_1_56' title='bbox 866 1293 904 1342; x_wconf 92' lang='lat' dir='ltr'>se</span> <span class='ocrx_word' id='word_1_57' title='bbox 917 1270 1058 1365; x_wconf 86' lang='lat' dir='ltr'>babeat,</span> <span class='ocrx_word' id='word_1_58' title='bbox 1076 1273 1334 1368; x_wconf 86' lang='lat' dir='ltr'>prenominatos</span> <span class='ocrx_word' id='word_1_59' title='bbox 1345 1271 1504 1344; x_wconf 90' lang='lat' dir='ltr'>homines</span> <span class='ocrx_word' id='word_1_60' title='bbox 1516 1271 1582 1344; x_wconf 88' lang='lat' dir='ltr'>nisi</span> <span class='ocrx_word' id='word_1_61' title='bbox 1596 1271 1643 1343; x_wconf 85' lang='lat' dir='ltr'>ab</span> <span class='ocrx_word' id='word_1_62' title='bbox 1656 1271 1780 1344; x_wconf 88' lang='lat' dir='ltr'>eodem</span> <span class='ocrx_word' id='word_1_63' title='bbox 1793 1271 1908 1346; x_wconf 86' lang='lat' dir='ltr'>Fride-</span> 
     </span>
     <span class='ocr_line' id='line_1_8' title="bbox 499 1393 1906 1494; baseline 0 -24"><span class='ocrx_word' id='word_1_64' title='bbox 499 1398 571 1470; x_wconf 85' lang='lat' dir='ltr'>rr‘co</span> <span class='ocrx_word' id='word_1_65' title='bbox 587 1399 676 1469; x_wconf 85' lang='lat' dir='ltr'>inira</span> <span class='ocrx_word' id='word_1_66' title='bbox 693 1403 947 1490; x_wconf 84' lang='lat' dir='ltr'>competentem</span> <span class='ocrx_word' id='word_1_67' title='bbox 964 1396 1149 1468; x_wconf 92' lang='lat' dir='ltr'>terminum</span> <span class='ocrx_word' id='word_1_68' title='bbox 1165 1417 1187 1468; x_wconf 86' lang='lat' dir='ltr'>a</span> <span class='ocrx_word' id='word_1_69' title='bbox 1203 1407 1237 1468; x_wconf 88' lang='lat' dir='ltr'>te</span> <span class='ocrx_word' id='word_1_70' title='bbox 1253 1394 1493 1491; x_wconf 78' lang='lat' dir='ltr'>prefigendum</span> <span class='ocrx_word' id='word_1_71' title='bbox 1510 1395 1642 1467; x_wconf 88' lang='lat' dir='ltr'>eisdem</span> <span class='ocrx_word' id='word_1_72' title='bbox 1659 1393 1851 1494; x_wconf 88' lang='lat' dir='ltr'>[recedant]</span> <span class='ocrx_word' id='word_1_73' title='bbox 1864 1397 1906 1470; x_wconf 76' lang='lat' dir='ltr'>ac</span> 
     </span>
     <span class='ocr_line' id='line_1_9' title="bbox 499 1517 1904 1616; baseline -0.004 -21"><span class='ocrx_word' id='word_1_74' title='bbox 499 1522 546 1595; x_wconf 89' lang='lat' dir='ltr'>ad</span> <span class='ocrx_word' id='word_1_75' title='bbox 559 1520 728 1593; x_wconf 90' lang='lat' dir='ltr'>unitatem</span> <span class='ocrx_word' id='word_1_76' title='bbox 743 1519 896 1592; x_wconf 84' lang='lat' dir='ltr'>Ecclesia</span> <span class='ocrx_word' id='word_1_77' title='bbox 915 1530 1135 1592; x_wconf 88' lang='lat' dir='ltr'>revertantur</span> <span class='ocrx_word' id='word_1_78' title='bbox 1156 1520 1290 1616; x_wconf 87' lang='lat' dir='ltr'>ipsique</span> <span class='ocrx_word' id='word_1_79' title='bbox 1311 1519 1428 1592; x_wconf 91' lang='lat' dir='ltr'>comiti</span> <span class='ocrx_word' id='word_1_80' title='bbox 1441 1521 1539 1591; x_wconf 88' lang='lat' dir='ltr'>velut</span> <span class='ocrx_word' id='word_1_81' title='bbox 1553 1539 1617 1592; x_wconf 91' lang='lat' dir='ltr'>suo</span> <span class='ocrx_word' id='word_1_82' title='bbox 1632 1519 1776 1592; x_wconf 91' lang='lat' dir='ltr'>domino</span> <span class='ocrx_word' id='word_1_83' title='bbox 1790 1519 1826 1590; x_wconf 91' lang='lat' dir='ltr'>in</span> <span class='ocrx_word' id='word_1_84' title='bbox 1842 1517 1904 1591; x_wconf 91' lang='lat' dir='ltr'>de·</span> 
     </span>
     <span class='ocr_line' id='line_1_10' title="bbox 499 1643 1907 1739; baseline -0.004 -20"><span class='ocrx_word' id='word_1_85' title='bbox 499 1646 639 1718; x_wconf 75' lang='lat' dir='ltr'>votione</span> <span class='ocrx_word' id='word_1_86' title='bbox 655 1643 856 1737; x_wconf 89' lang='lat' dir='ltr'>hujusmodi</span> <span class='ocrx_word' id='word_1_87' title='bbox 878 1643 1075 1739; x_wconf 85' lang='lat' dir='ltr'>persistenti</span> <span class='ocrx_word' id='word_1_88' title='bbox 1092 1643 1255 1716; x_wconf 87' lang='lat' dir='ltr'>studeant</span> <span class='ocrx_word' id='word_1_89' title='bbox 1277 1643 1434 1738; x_wconf 84' lang='lat' dir='ltr'>obsequi,</span> <span class='ocrx_word' id='word_1_90' title='bbox 1450 1651 1491 1716; x_wconf 93' lang='lat' dir='ltr'>nt</span> <span class='ocrx_word' id='word_1_91' title='bbox 1504 1652 1678 1733; x_wconf 88' lang='lat' dir='ltr'>tenentur,</span> <span class='ocrx_word' id='word_1_92' title='bbox 1696 1663 1763 1714; x_wconf 90' lang='lat' dir='ltr'>nec</span> <span class='ocrx_word' id='word_1_93' title='bbox 1783 1662 1854 1715; x_wconf 92' lang='lat' dir='ltr'>uon</span> <span class='ocrx_word' id='word_1_94' title='bbox 1870 1651 1907 1714; x_wconf 91' lang='lat' dir='ltr'>et</span> 
     </span>
     <span class='ocr_line' id='line_1_11' title="bbox 498 1766 1903 1862; baseline -0.003 -20"><span class='ocrx_word' id='word_1_95' title='bbox 498 1769 656 1842; x_wconf 90' lang='lat' dir='ltr'>homines</span> <span class='ocrx_word' id='word_1_96' title='bbox 671 1768 752 1840; x_wconf 90' lang='lat' dir='ltr'>ville</span> <span class='ocrx_word' id='word_1_97' title='bbox 768 1768 1009 1856; x_wconf 86' lang='lat' dir='ltr'>Lucemensis,</span> <span class='ocrx_word' id='word_1_98' title='bbox 1028 1767 1057 1840; x_wconf 94' lang='lat' dir='ltr'>si</span> <span class='ocrx_word' id='word_1_99' title='bbox 1075 1767 1137 1839; x_wconf 92' lang='lat' dir='ltr'>tibi</span> <span class='ocrx_word' id='word_1_100' title='bbox 1150 1789 1210 1840; x_wconf 92' lang='lat' dir='ltr'>eos</span> <span class='ocrx_word' id='word_1_101' title='bbox 1224 1767 1291 1840; x_wconf 92' lang='lat' dir='ltr'>illis</span> <span class='ocrx_word' id='word_1_102' title='bbox 1306 1766 1562 1840; x_wconf 87' lang='lat' dir='ltr'>communicare</span> <span class='ocrx_word' id='word_1_103' title='bbox 1578 1787 1620 1840; x_wconf 90' lang='lat' dir='ltr'>ac</span> <span class='ocrx_word' id='word_1_104' title='bbox 1636 1767 1770 1862; x_wconf 83' lang='lat' dir='ltr'>prefato</span> <span class='ocrx_word' id='word_1_105' title='bbox 1784 1766 1903 1840; x_wconf 78' lang='lat' dir='ltr'>Fride·</span> 
     </span>
     <span class='ocr_line' id='line_1_12' title="bbox 498 1888 1905 1987; baseline -0.004 -21"><span class='ocrx_word' id='word_1_106' title='bbox 498 1894 571 1966; x_wconf 91' lang='lat' dir='ltr'>rico</span> <span class='ocrx_word' id='word_1_107' title='bbox 584 1894 700 1966; x_wconf 86' lang='lat' dir='ltr'>lavere</span> <span class='ocrx_word' id='word_1_108' title='bbox 717 1891 910 1964; x_wconf 88' lang='lat' dir='ltr'>constiterit</span> <span class='ocrx_word' id='word_1_109' title='bbox 922 1891 958 1962; x_wconf 94' lang='lat' dir='ltr'>in</span> <span class='ocrx_word' id='word_1_110' title='bbox 974 1891 1170 1987; x_wconf 89' lang='lat' dir='ltr'>premissis,</span> <span class='ocrx_word' id='word_1_111' title='bbox 1186 1891 1371 1964; x_wconf 92' lang='lat' dir='ltr'>denunties</span> <span class='ocrx_word' id='word_1_112' title='bbox 1384 1888 1753 1964; x_wconf 81' lang='lat' dir='ltr'>excommunicationis</span> <span class='ocrx_word' id='word_1_113' title='bbox 1766 1898 1905 1962; x_wconf 89' lang='lat' dir='ltr'>senten-</span> 
     </span>
     <span class='ocr_line' id='line_1_13' title="bbox 499 2013 1905 2111; baseline -0.004 -21"><span class='ocrx_word' id='word_1_114' title='bbox 499 2018 545 2090; x_wconf 92' lang='lat' dir='ltr'>tie</span> <span class='ocrx_word' id='word_1_115' title='bbox 569 2015 764 2109; x_wconf 89' lang='lat' dir='ltr'>subjacere,</span> <span class='ocrx_word' id='word_1_116' title='bbox 794 2037 836 2087; x_wconf 88' lang='lat' dir='ltr'>ac</span> <span class='ocrx_word' id='word_1_117' title='bbox 860 2015 935 2111; x_wconf 88' lang='lat' dir='ltr'>ipsa</span> <span class='ocrx_word' id='word_1_118' title='bbox 957 2015 1034 2088; x_wconf 91' lang='lat' dir='ltr'>loca</span> <span class='ocrx_word' id='word_1_119' title='bbox 1054 2023 1093 2086; x_wconf 87' lang='lat' dir='ltr'>et</span> <span class='ocrx_word' id='word_1_120' title='bbox 1113 2015 1232 2088; x_wconf 84' lang='lat' dir='ltr'>villam</span> <span class='ocrx_word' id='word_1_121' title='bbox 1255 2016 1509 2088; x_wconf 85' lang='lat' dir='ltr'>lucernensem</span> <span class='ocrx_word' id='word_1_122' title='bbox 1533 2034 1709 2110; x_wconf 82' lang='lat' dir='ltr'>supponas</span> <span class='ocrx_word' id='word_1_123' title='bbox 1735 2013 1905 2086; x_wconf 87' lang='lat' dir='ltr'>sententie</span> 
     </span>
     <span class='ocr_line' id='line_1_14' title="bbox 497 2138 1903 2235; baseline -0.003 -21"><span class='ocrx_word' id='word_1_124' title='bbox 497 2139 684 2230; x_wconf 86' lang='lat' dir='ltr'>interdicti,</span> <span class='ocrx_word' id='word_1_125' title='bbox 702 2139 832 2211; x_wconf 84' lang='lat' dir='ltr'>faciens</span> <span class='ocrx_word' id='word_1_126' title='bbox 847 2149 1030 2235; x_wconf 89' lang='lat' dir='ltr'>utramque</span> <span class='ocrx_word' id='word_1_127' title='bbox 1049 2139 1256 2211; x_wconf 89' lang='lat' dir='ltr'>sententiam</span> <span class='ocrx_word' id='word_1_128' title='bbox 1277 2138 1482 2211; x_wconf 86' lang='lat' dir='ltr'>auctoritate</span> <span class='ocrx_word' id='word_1_129' title='bbox 1496 2149 1615 2211; x_wconf 84' lang='lat' dir='ltr'>nostra</span> <span class='ocrx_word' id='word_1_130' title='bbox 1629 2138 1767 2210; x_wconf 89' lang='lat' dir='ltr'>sublato</span> <span class='ocrx_word' id='word_1_131' title='bbox 1782 2138 1903 2233; x_wconf 90' lang='lat' dir='ltr'>appel·</span> 
     </span>
     <span class='ocr_line' id='line_1_15' title="bbox 497 2261 1903 2355; baseline -0.001 -19"><span class='ocrx_word' id='word_1_132' title='bbox 497 2263 635 2338; x_wconf 86' lang='lat' dir='ltr'>lationis</span> <span class='ocrx_word' id='word_1_133' title='bbox 651 2262 749 2335; x_wconf 91' lang='lat' dir='ltr'>obice</span> <span class='ocrx_word' id='word_1_134' title='bbox 761 2261 931 2355; x_wconf 88' lang='lat' dir='ltr'>usquead</span> <span class='ocrx_word' id='word_1_135' title='bbox 946 2262 1212 2335; x_wconf 80' lang='lat' dir='ltr'>satisfactionem</span> <span class='ocrx_word' id='word_1_136' title='bbox 1228 2262 1436 2354; x_wconf 79' lang='lat' dir='ltr'>condignam</span> <span class='ocrx_word' id='word_1_137' title='bbox 1453 2262 1697 2337; x_wconf 87' lang='lat' dir='ltr'>inviolabiliter</span> <span class='ocrx_word' id='word_1_138' title='bbox 1711 2261 1903 2352; x_wconf 86' lang='lat' dir='ltr'>observari,</span> 
     </span>
     <span class='ocr_line' id='line_1_16' title="bbox 497 2385 1468 2484; baseline -0.002 -24"><span class='ocrx_word' id='word_1_139' title='bbox 497 2407 722 2484; x_wconf 90' lang='lat' dir='ltr'>processurus</span> <span class='ocrx_word' id='word_1_140' title='bbox 737 2385 910 2480; x_wconf 89' lang='lat' dir='ltr'>superbis</span> <span class='ocrx_word' id='word_1_141' title='bbox 923 2385 1009 2457; x_wconf 88' lang='lat' dir='ltr'>alias</span> <span class='ocrx_word' id='word_1_142' title='bbox 1025 2395 1128 2481; x_wconf 89' lang='lat' dir='ltr'>prout</span> <span class='ocrx_word' id='word_1_143' title='bbox 1141 2385 1271 2459; x_wconf 87' lang='lat' dir='ltr'>videris</span> <span class='ocrx_word' id='word_1_144' title='bbox 1287 2386 1468 2481; x_wconf 88' lang='lat' dir='ltr'>expedire.</span> 
     </span>
     <span class='ocr_line' id='line_1_17' title="bbox 546 2507 1840 2606; baseline -0.002 -24"><span class='ocrx_word' id='word_1_145' title='bbox 546 2511 672 2583; x_wconf 88' lang='lat' dir='ltr'>Datum</span> <span class='ocrx_word' id='word_1_146' title='bbox 685 2509 857 2603; x_wconf 78' lang='lat' dir='ltr'>Lugduni,</span> <span class='ocrx_word' id='word_1_147' title='bbox 874 2510 904 2582; x_wconf 85' lang='lat' dir='ltr'>V</span> <span class='ocrx_word' id='word_1_148' title='bbox 917 2509 1084 2582; x_wconf 86' lang='lat' dir='ltr'>kalendas</span> <span class='ocrx_word' id='word_1_149' title='bbox 1097 2509 1317 2605; x_wconf 85' lang='lat' dir='ltr'>septembris,</span> <span class='ocrx_word' id='word_1_150' title='bbox 1332 2530 1425 2583; x_wconf 89' lang='lat' dir='ltr'>anno</span> <span class='ocrx_word' id='word_1_151' title='bbox 1440 2507 1662 2606; x_wconf 86' lang='lat' dir='ltr'>pontificatus</span> <span class='ocrx_word' id='word_1_152' title='bbox 1676 2507 1785 2582; x_wconf 90' lang='lat' dir='ltr'>nostri</span> <span class='ocrx_word' id='word_1_153' title='bbox 1797 2508 1840 2580; x_wconf 87' lang='lat' dir='ltr'>V.</span> 
     </span>
    </p>
   </div>
   <div class='ocr_carea' id='block_1_3' title="bbox 340 3069 1903 3448">
    <p class='ocr_par' dir='ltr' id='par_1_3' title="bbox 340 3069 1903 3448">
     <span class='ocr_line' id='line_1_18' title="bbox 340 3069 1903 3181; baseline 0.002 -30"><span class='ocrx_word' id='word_1_154' title='bbox 340 3091 402 3123; x_wconf 70' lang='lat'><strong>¹¹⁶⁸·</strong></span> <span class='ocrx_word' id='word_1_155' title='bbox 437 3145 451 3178; x_wconf 71' lang='lat'>‚</span> <span class='ocrx_word' id='word_1_156' title='bbox 551 3069 781 3178; x_wconf 88' lang='lat' dir='ltr'>Fridericus,</span> <span class='ocrx_word' id='word_1_157' title='bbox 807 3069 1069 3155; x_wconf 84' lang='lat' dir='ltr'>Romanorum</span> <span class='ocrx_word' id='word_1_158' title='bbox 1093 3071 1313 3181; x_wconf 83' lang='lat' dir='ltr'>imperator,</span> <span class='ocrx_word' id='word_1_159' title='bbox 1338 3069 1468 3155; x_wconf 85' lang='lat' dir='ltr'>statuit</span> <span class='ocrx_word' id='word_1_160' title='bbox 1495 3078 1539 3153; x_wconf 91' lang='lat' dir='ltr'>ut</span> <span class='ocrx_word' id='word_1_161' title='bbox 1563 3071 1712 3180; x_wconf 89' lang='lat' dir='ltr'>quoties</span> <span class='ocrx_word' id='word_1_162' title='bbox 1738 3079 1903 3180; x_wconf 86' lang='lat' dir='ltr'>potestas</span> 
     </span>
     <span class='ocr_line' id='line_1_19' title="bbox 497 3202 1903 3315; baseline -0.001 -30"><span class='ocrx_word' id='word_1_163' title='bbox 497 3202 651 3285; x_wconf 81' lang='lat' dir='ltr'>Auximi</span> <span class='ocrx_word' id='word_1_164' title='bbox 678 3229 747 3315; x_wconf 92' lang='lat' dir='ltr'>pro</span> <span class='ocrx_word' id='word_1_165' title='bbox 775 3204 934 3288; x_wconf 84' lang='lat' dir='ltr'>servitiis</span> <span class='ocrx_word' id='word_1_166' title='bbox 961 3202 1110 3314; x_wconf 92' lang='lat' dir='ltr'>imperii</span> <span class='ocrx_word' id='word_1_167' title='bbox 1136 3202 1330 3288; x_wconf 86' lang='lat' dir='ltr'>acivitate</span> <span class='ocrx_word' id='word_1_168' title='bbox 1360 3203 1548 3314; x_wconf 88' lang='lat' dir='ltr'>pmficisci</span> <span class='ocrx_word' id='word_1_169' title='bbox 1576 3203 1797 3311; x_wconf 86' lang='lat' dir='ltr'>contigerit,</span> <span class='ocrx_word' id='word_1_170' title='bbox 1825 3226 1903 3286; x_wconf 93' lang='lat' dir='ltr'>non</span> 
     </span>
     <span class='ocr_line' id='line_1_20' title="bbox 496 3333 1533 3448; baseline 0.002 -30"><span class='ocrx_word' id='word_1_171' title='bbox 496 3333 598 3420; x_wconf 88' lang='lat' dir='ltr'>ultra</span> <span class='ocrx_word' id='word_1_172' title='bbox 615 3337 750 3448; x_wconf 85' lang='lat' dir='ltr'>viginti</span> <span class='ocrx_word' id='word_1_173' title='bbox 767 3335 909 3421; x_wconf 90' lang='lat' dir='ltr'>solidos</span> <span class='ocrx_word' id='word_1_174' title='bbox 927 3363 996 3447; x_wconf 91' lang='lat' dir='ltr'>per</span> <span class='ocrx_word' id='word_1_175' title='bbox 1013 3337 1116 3420; x_wconf 71' lang='lat' dir='ltr'>dem</span> <span class='ocrx_word' id='word_1_176' title='bbox 1133 3336 1283 3446; x_wconf 83' lang='lat' dir='ltr'>exigere</span> <span class='ocrx_word' id='word_1_177' title='bbox 1300 3347 1533 3446; x_wconf 85' lang='lat' dir='ltr'>praesumat.</span> 
     </span>
    </p>
   </div>
   <div class='ocr_carea' id='block_1_4' title="bbox 495 3547 1902 3632">
    <p class='ocr_par' dir='ltr' id='par_1_4' title="bbox 495 3547 1902 3632">
     <span class='ocr_line' id='line_1_21' title="bbox 495 3547 1902 3632; baseline 0 -21"><span class='ocrx_word' id='word_1_178' title='bbox 495 3551 496 3556; x_wconf 70' lang='lat'>‘</span> <span class='ocrx_word' id='word_1_179' title='bbox 577 3549 694 3630; x_wconf 75' lang='lat' dir='ltr'>(Edico</span> <span class='ocrx_word' id='word_1_180' title='bbox 706 3549 1067 3630; x_wconf 56' lang='lat' dir='ltr'>tauromenitanis</span> <span class='ocrx_word' id='word_1_181' title='bbox 1078 3548 1181 3614; x_wconf 72' lang='lat' dir='ltr'>tter.</span> <span class='ocrx_word' id='word_1_182' title='bbox 1192 3547 1334 3632; x_wconf 67' lang='lat' dir='ltr'>donno,</span> <span class='ocrx_word' id='word_1_183' title='bbox 1345 3551 1398 3612; x_wconf 72' lang='grc' dir='ltr'>ιιι.</span> <span class='ocrx_word' id='word_1_184' title='bbox 1409 3551 1576 3630; x_wconf 81' lang='lat' dir='ltr'>11,p.1ro.</span> <span class='ocrx_word' id='word_1_185' title='bbox 1588 3550 1727 3626; x_wconf 72' lang='lat' dir='ltr'>venun,</span> <span class='ocrx_word' id='word_1_186' title='bbox 1743 3559 1832 3626; x_wconf 79' lang='lat' dir='ltr'>tros,</span> <span class='ocrx_word' id='word_1_187' title='bbox 1844 3547 1902 3630; x_wconf 65' lang='grc' dir='ltr'>ιι)</span> 
     </span>
    </p>
   </div>
   <div class='ocr_carea' id='block_1_5' title="bbox 543 3737 1904 3835">
    <p class='ocr_par' dir='ltr' id='par_1_5' title="bbox 543 3737 1904 3835">
     <span class='ocr_line' id='line_1_22' title="bbox 543 3737 1904 3835; baseline -0.001 -22"><span class='ocrx_word' id='word_1_188' title='bbox 543 3737 750 3828; x_wconf 86' lang='lat' dir='ltr'>Fridericus,</span> <span class='ocrx_word' id='word_1_189' title='bbox 768 3738 832 3812; x_wconf 90' lang='lat' dir='ltr'>Dei</span> <span class='ocrx_word' id='word_1_190' title='bbox 847 3739 958 3833; x_wconf 77' lang='lat' dir='ltr'>gratia</span> <span class='ocrx_word' id='word_1_191' title='bbox 972 3740 1207 3812; x_wconf 85' lang='lat' dir='ltr'>Romanorum</span> <span class='ocrx_word' id='word_1_192' title='bbox 1225 3739 1414 3835; x_wconf 87' lang='lat' dir='ltr'>imperator</span> <span class='ocrx_word' id='word_1_193' title='bbox 1429 3759 1568 3834; x_wconf 90' lang='lat' dir='ltr'>semper</span> <span class='ocrx_word' id='word_1_194' title='bbox 1583 3746 1761 3831; x_wconf 78' lang='lat' dir='ltr'>augustus,</span> <span class='ocrx_word' id='word_1_195' title='bbox 1781 3737 1904 3811; x_wconf 88' lang='lat' dir='ltr'>Hieru-</span> 
     </span>
    </p>
   </div>
   <div class='ocr_carea' id='block_1_6' title="bbox 497 3850 2034 3957">
    <p class='ocr_par' dir='ltr' id='par_1_6' title="bbox 497 3850 2034 3957">
     <span class='ocr_line' id='line_1_23' title="bbox 497 3850 2034 3957; baseline -0.001 -21"><span class='ocrx_word' id='word_1_196' title='bbox 497 3863 605 3936; x_wconf 84' lang='lat' dir='ltr'>salem</span> <span class='ocrx_word' id='word_1_197' title='bbox 625 3872 661 3936; x_wconf 90' lang='lat' dir='ltr'>et</span> <span class='ocrx_word' id='word_1_198' title='bbox 682 3861 796 3935; x_wconf 88' lang='lat' dir='ltr'>Sicilie</span> <span class='ocrx_word' id='word_1_199' title='bbox 817 3884 895 3935; x_wconf 87' lang='lat' dir='ltr'>rex.</span> <span class='ocrx_word' id='word_1_200' title='bbox 911 3863 1040 3936; x_wconf 88' lang='lat' dir='ltr'>Notum</span> <span class='ocrx_word' id='word_1_201' title='bbox 1056 3863 1200 3936; x_wconf 84' lang='lat' dir='ltr'>tacimus</span> <span class='ocrx_word' id='word_1_202' title='bbox 1217 3862 1388 3936; x_wconf 90' lang='lat' dir='ltr'>universis</span> <span class='ocrx_word' id='word_1_203' title='bbox 1403 3861 1500 3956; x_wconf 89' lang='lat' dir='ltr'>quod</span> <span class='ocrx_word' id='word_1_204' title='bbox 1521 3883 1586 3935; x_wconf 89' lang='lat' dir='ltr'>nos</span> <span class='ocrx_word' id='word_1_205' title='bbox 1602 3861 1650 3933; x_wconf 86' lang='lat' dir='ltr'>ad</span> <span class='ocrx_word' id='word_1_206' title='bbox 1672 3883 1904 3957; x_wconf 83' lang='lat' dir='ltr'>expensarum</span> <span class='ocrx_word' id='word_1_207' title='bbox 2027 3850 2034 3870; x_wconf 85' lang='grc'><em>’</em></span> 
     </span>
    </p>
   </div>
   <div class='ocr_carea' id='block_1_7' title="bbox 442 3984 1906 4706">
    <p class='ocr_par' dir='ltr' id='par_1_7' title="bbox 442 3984 1906 4706">
     <span class='ocr_line' id='line_1_24' title="bbox 492 3984 1906 4082; baseline -0.001 -21"><span class='ocrx_word' id='word_1_208' title='bbox 492 3986 754 4061; x_wconf 89' lang='lat' dir='ltr'>multitudinem</span> <span class='ocrx_word' id='word_1_209' title='bbox 769 4007 856 4082; x_wconf 88' lang='lat' dir='ltr'>quas</span> <span class='ocrx_word' id='word_1_210' title='bbox 871 4007 1055 4060; x_wconf 88' lang='lat' dir='ltr'>commune</span> <span class='ocrx_word' id='word_1_211' title='bbox 1073 3986 1215 4059; x_wconf 83' lang='lat' dir='ltr'>Auximi</span> <span class='ocrx_word' id='word_1_212' title='bbox 1230 3984 1351 4060; x_wconf 83' lang='lat' dir='ltr'>fideles</span> <span class='ocrx_word' id='word_1_213' title='bbox 1364 3986 1473 4059; x_wconf 78' lang='lat' dir='ltr'>nosui</span> <span class='ocrx_word' id='word_1_214' title='bbox 1490 4008 1554 4082; x_wconf 93' lang='lat' dir='ltr'>pro</span> <span class='ocrx_word' id='word_1_215' title='bbox 1575 3985 1709 4058; x_wconf 90' lang='lat' dir='ltr'>cunctis</span> <span class='ocrx_word' id='word_1_216' title='bbox 1724 3985 1906 4082; x_wconf 88' lang='lat' dir='ltr'>bucusque</span> 
     </span>
     <span class='ocr_line' id='line_1_25' title="bbox 497 4110 1904 4207; baseline -0.001 -23"><span class='ocrx_word' id='word_1_217' title='bbox 497 4110 645 4185; x_wconf 88' lang='lat' dir='ltr'>servitiis</span> <span class='ocrx_word' id='word_1_218' title='bbox 667 4110 812 4184; x_wconf 91' lang='lat' dir='ltr'>subierit</span> <span class='ocrx_word' id='word_1_219' title='bbox 836 4118 872 4182; x_wconf 90' lang='lat' dir='ltr'>et</span> <span class='ocrx_word' id='word_1_220' title='bbox 893 4111 987 4206; x_wconf 90' lang='lat' dir='ltr'>ipsos</span> <span class='ocrx_word' id='word_1_221' title='bbox 1006 4111 1124 4184; x_wconf 91' lang='lat' dir='ltr'>subire</span> <span class='ocrx_word' id='word_1_222' title='bbox 1146 4111 1191 4183; x_wconf 88' lang='lat' dir='ltr'>de</span> <span class='ocrx_word' id='word_1_223' title='bbox 1213 4120 1344 4202; x_wconf 87' lang='lat' dir='ltr'>cetero,</span> <span class='ocrx_word' id='word_1_224' title='bbox 1361 4120 1467 4207; x_wconf 93' lang='lat' dir='ltr'>prout</span> <span class='ocrx_word' id='word_1_225' title='bbox 1492 4123 1687 4205; x_wconf 88' lang='lat' dir='ltr'>temporum</span> <span class='ocrx_word' id='word_1_226' title='bbox 1708 4120 1770 4182; x_wconf 88' lang='lat' dir='ltr'>ant</span> <span class='ocrx_word' id='word_1_227' title='bbox 1787 4131 1904 4182; x_wconf 89' lang='lat' dir='ltr'>rerum</span> 
     </span>
     <span class='ocr_line' id='line_1_26' title="bbox 442 4233 1905 4330; baseline -0.001 -24"><span class='ocrx_word' id='word_1_228' title='bbox 442 4241 447 4248; x_wconf 90' lang='lat'>&#39;</span> <span class='ocrx_word' id='word_1_229' title='bbox 495 4237 645 4328; x_wconf 86' lang='lat' dir='ltr'>qualitas</span> <span class='ocrx_word' id='word_1_230' title='bbox 660 4235 797 4328; x_wconf 81' lang='lat' dir='ltr'>exiget,</span> <span class='ocrx_word' id='word_1_231' title='bbox 815 4235 1005 4330; x_wconf 86' lang='lat' dir='ltr'>oportebit,</span> <span class='ocrx_word' id='word_1_232' title='bbox 1021 4235 1232 4308; x_wconf 86' lang='lat' dir='ltr'>benevolum</span> <span class='ocrx_word' id='word_1_233' title='bbox 1247 4245 1444 4330; x_wconf 91' lang='lat' dir='ltr'>respectum</span> <span class='ocrx_word' id='word_1_234' title='bbox 1459 4233 1646 4324; x_wconf 86' lang='lat' dir='ltr'>habentes,</span> <span class='ocrx_word' id='word_1_235' title='bbox 1666 4233 1848 4306; x_wconf 80' lang='lat' dir='ltr'>statuimus</span> <span class='ocrx_word' id='word_1_236' title='bbox 1864 4243 1905 4306; x_wconf 92' lang='lat' dir='ltr'>ut</span> 
     </span>
     <span class='ocr_line' id='line_1_27' title="bbox 495 4357 1905 4455; baseline -0.001 -24"><span class='ocrx_word' id='word_1_237' title='bbox 495 4361 631 4453; x_wconf 83' lang='lat' dir='ltr'>quoties</span> <span class='ocrx_word' id='word_1_238' title='bbox 648 4367 855 4453; x_wconf 90' lang='lat' dir='ltr'>potestatem</span> <span class='ocrx_word' id='word_1_239' title='bbox 869 4357 1018 4430; x_wconf 86' lang='lat' dir='ltr'>civitatis</span> <span class='ocrx_word' id='word_1_240' title='bbox 1032 4358 1140 4453; x_wconf 90' lang='lat' dir='ltr'>ipsius</span> <span class='ocrx_word' id='word_1_241' title='bbox 1154 4380 1218 4455; x_wconf 93' lang='lat' dir='ltr'>pro</span> <span class='ocrx_word' id='word_1_242' title='bbox 1233 4358 1357 4430; x_wconf 92' lang='lat' dir='ltr'>nostris</span> <span class='ocrx_word' id='word_1_243' title='bbox 1371 4358 1521 4431; x_wconf 89' lang='lat' dir='ltr'>servitiis</span> <span class='ocrx_word' id='word_1_244' title='bbox 1534 4359 1591 4430; x_wconf 87' lang='lat' dir='ltr'>vel</span> <span class='ocrx_word' id='word_1_245' title='bbox 1608 4357 1800 4429; x_wconf 91' lang='lat' dir='ltr'>communis</span> <span class='ocrx_word' id='word_1_246' title='bbox 1814 4358 1905 4450; x_wconf 87' lang='lat' dir='ltr'>ejus·</span> 
     </span>
     <span class='ocr_line' id='line_1_28' title="bbox 495 4481 1905 4578; baseline 0 -23"><span class='ocrx_word' id='word_1_247' title='bbox 495 4483 575 4556; x_wconf 89' lang='lat' dir='ltr'>dem</span> <span class='ocrx_word' id='word_1_248' title='bbox 591 4481 635 4554; x_wconf 92' lang='lat' dir='ltr'>de</span> <span class='ocrx_word' id='word_1_249' title='bbox 651 4481 743 4554; x_wconf 86' lang='lat' dir='ltr'>diota</span> <span class='ocrx_word' id='word_1_250' title='bbox 758 4482 897 4555; x_wconf 85' lang='lat' dir='ltr'>civitate</span> <span class='ocrx_word' id='word_1_251' title='bbox 911 4504 974 4578; x_wconf 91' lang='lat' dir='ltr'>per</span> <span class='ocrx_word' id='word_1_252' title='bbox 985 4481 1174 4554; x_wconf 87' lang='lat' dir='ltr'>Marcbiam</span> <span class='ocrx_word' id='word_1_253' title='bbox 1188 4483 1277 4578; x_wconf 79' lang='lat' dir='ltr'>torte</span> <span class='ocrx_word' id='word_1_254' title='bbox 1290 4484 1347 4555; x_wconf 88' lang='lat' dir='ltr'>vel</span> <span class='ocrx_word' id='word_1_255' title='bbox 1364 4493 1465 4554; x_wconf 87' lang='lat' dir='ltr'>extra</span> <span class='ocrx_word' id='word_1_256' title='bbox 1478 4481 1666 4557; x_wconf 85' lang='lat' dir='ltr'>biarchiam</span> <span class='ocrx_word' id='word_1_257' title='bbox 1682 4481 1809 4555; x_wconf 87' lang='lat' dir='ltr'>amodo</span> <span class='ocrx_word' id='word_1_258' title='bbox 1823 4502 1905 4556; x_wconf 91' lang='lat' dir='ltr'>con·</span> 
     </span>
     <span class='ocr_line' id='line_1_29' title="bbox 495 4602 1904 4706; baseline 0.001 -28"><span class='ocrx_word' id='word_1_259' title='bbox 495 4604 610 4700; x_wconf 78' lang='lat' dir='ltr'>tigerit</span> <span class='ocrx_word' id='word_1_260' title='bbox 629 4602 816 4700; x_wconf 86' lang='lat' dir='ltr'>proficisci,</span> <span class='ocrx_word' id='word_1_261' title='bbox 837 4626 1021 4679; x_wconf 91' lang='lat' dir='ltr'>commune</span> <span class='ocrx_word' id='word_1_262' title='bbox 1043 4606 1157 4702; x_wconf 90' lang='lat' dir='ltr'>ipsum</span> <span class='ocrx_word' id='word_1_263' title='bbox 1178 4605 1315 4702; x_wconf 85' lang='lat' dir='ltr'>prelato</span> <span class='ocrx_word' id='word_1_264' title='bbox 1338 4607 1500 4702; x_wconf 89' lang='lat' dir='ltr'>potestati</span> <span class='ocrx_word' id='word_1_265' title='bbox 1525 4607 1670 4700; x_wconf 77' lang='lat' dir='ltr'>singulis</span> <span class='ocrx_word' id='word_1_266' title='bbox 1691 4606 1815 4680; x_wconf 89' lang='lat' dir='ltr'>dicbus</span> <span class='ocrx_word' id='word_1_267' title='bbox 1839 4625 1904 4706; x_wconf 91' lang='lat' dir='ltr'>pro</span> 
     </span>
    </p>
   </div>
   <div class='ocr_carea' id='block_1_8' title="bbox 0 0 2180 5940">
    <p class='ocr_par' dir='ltr' id='par_1_8' title="bbox 0 0 2180 5940">
     <span class='ocr_line' id='line_1_30' title="bbox 0 0 2180 5940; baseline 0 3"><span class='ocrx_word' id='word_1_268' title='bbox 0 0 2180 5940; x_wconf 95' lang='lat' dir='ltr'> </span> 
     </span>
    </p>
   </div>
  </div>
 </body>
</html>
