4352 5940
214 626 379 704 ruse]
659 623 1177 689 ursrorrunrrnounrrcn.
1221 608 1228 622 '
1563 625 1623 687 sir

216 763 264 834 ris
277 773 317 834 et
328 761 485 854 honoris,
504 759 683 834 devotiom
697 771 815 834 cestre
831 763 1043 858 precipimus
1057 761 1222 856 quatinus
1234 760 1325 831 sicut
1338 779 1493 854 unquam
1512 759 1623 834 bono·

216 907 289 958 rem
305 896 464 960 nostrum
479 893 517 958 st
530 885 666 980 imperii
686 886 933 960 exaltationem
954 885 1096 978 diligitis
1113 895 1149 956 et
1166 884 1312 976 gratiam
1334 892 1489 955 nostram
1509 903 1625 956 caram

216 1009 365 1103 bebetis,
381 1009 555 1104 stipendia
571 1030 635 1104 pro
657 1009 767 1082 tribus
784 1011 961 1083 mensibus
982 1031 1046 1107 pro
1061 1009 1228 1081 militibus
1242 1009 1366 1082 vestris
1381 1007 1546 1103 predictis
1565 1009 1626 1104 qui

214 1133 253 1205 in
264 1144 383 1206 nostru
397 1133 489 1206 ielici
506 1133 728 1228 expeditione
740 1135 945 1226 consistunt,
954 1145 1025 1208 tem
1037 1133 1194 1205 hilariter
1205 1154 1310 1226 quam
1325 1134 1484 1204 celeriter
1500 1153 1626 1229 procu·

217 1258 319 1348 retis,
337 1265 381 1328 ut
403 1256 465 1349 qni
489 1277 556 1351 per
575 1257 774 1329 missionem
802 1279 923 1330 eorum
947 1258 1031 1330 satis
1054 1266 1173 1330 nostro
1197 1255 1340 1329 culmini
1361 1256 1557 1350 placuistis,
1579 1277 1627 1328 ex

218 1377 380 1451 missione
398 1379 650 1474 stipendiorum
665 1379 850 1472 dequibus
870 1381 1036 1454 decenter
1058 1379 1243 1452 sustentari
1259 1379 1399 1452 valeant
1418 1379 1533 1475 potius
1549 1378 1626 1474 pla·

219 1502 336 1592 ocatis,
354 1511 396 1572 ut
412 1502 527 1595 dignis
543 1501 728 1597 propteree
743 1524 808 1575 vos
830 1503 1113 1576 retributionibus
1135 1523 1300 1599 processu
1321 1503 1485 1597 temporis
1505 1523 1626 1598 prose·

217 1645 379 1720 vamur.
400 1624 722 1718 unumquicquid
737 1626 809 1698 Ano
826 1627 992 1698 Gnidonis
1005 1627 1108 1699 Bonis
1120 1625 1165 1724 (i)
1183 1636 1219 1699 et
1235 1627 1397 1697 Albertus
1414 1626 1458 1699 de
1474 1627 1628 1698 Fontana

220 1749 347 1820 latores
360 1747 593 1842 presentium,
609 1747 730 1821 fideles
744 1749 869 1841 nostri,
885 1750 943 1822 vel
956 1771 1076 1822 eorum
1097 1751 1186 1822 alter
1206 1771 1311 1846 super
1330 1749 1478 1822 servitiis
1501 1749 1628 1823 nostris

219 1881 377 1966 exparte
393 1871 502 1944 nostri
515 1872 675 1944 culminis
685 1873 787 1945 vobis
805 1873 916 1978 dicet,
934 1874 1172 1946 indubitanter
1193 1873 1336 1946 credere
1354 1882 1390 1946 ct
1406 1873 1532 1946 ellectu
1552 1882 1627 1946 stu·

217 1995 330 2070 dentis
342 1995 471 2090 exequi
487 2003 523 2068 et
538 1997 726 2091 complere.

272 2546 507 2656 Fridericus‚
556 2549 817 2635 Romanorum
870 2554 1096 2666 imperator,
1138 2557 1332 2668 magistris
1376 2559 1627 2645 rationalibus
1686 2638 1714 2670 α
1762 2584 1787 2670 ἡ

221 2679 370 2766 Siciliae
387 2684 545 2766 mandet
561 2685 656 2794 quid
681 2684 722 2767 in
745 2684 916 2769 absentie
939 2713 1010 2770 sua
1031 2686 1232 2773 obseruare
1253 2689 1415 2774 debeant
1437 2693 1477 2775 in
1505 2694 1628 2778 retio-

221 2812 334 2898 nibus
352 2814 403 2896 ub
424 2813 649 2899 officialibus
673 2816 889 2926 exigendis3
906 2818 1046 2929 jubens
1068 2821 1172 2930 quod
1196 2822 1325 2905 omnin
1347 2824 1530 2907 mandate
1558 2853 1628 2912 suc

221 2953 305 3030 tun
319 2946 371 3028 od
388 2945 546 3052 fiscalia,
567 2957 651 3032 tum
669 2948 718 3032 ed
735 2949 903 3057 privatus
920 2977 1101 3061 personas
1125 2954 1333 3064 spectantia
1354 2956 1515 3042 fidebter
1531 2959 1627 3042 nihil

221 3079 364 3165 omisso
381 3079 642 3190 registrentur.

304 3291 400 3370 (Edit.
412 3295 445 3354 ln
463 3293 547 3355 Petri
564 3291 598 3354 dr
622 3295 684 3356 Vct
700 3297 798 3375 spot,
819 3295 871 3357 lib.
886 3298 947 3371 Ill,
963 3315 1029 3376 cup.
1044 3297 1158 3376 an13
1176 3302 1244 3362 coll.
1265 3320 1334 3364 cum
1350 3305 1416 3364 cod.
1436 3304 1510 3366 Blbl.
1529 3306 1628 3369 Cesar.

342 3400 452 3480 Paris,
459 3397 553 3480 sende
563 3399 770 3476 Natta-Deme,
784 3413 818 3462 n⁰
832 3403 915 3482 ²⁰2.)

271 3587 368 3666 Inter
387 3587 616 3662 accidentium
634 3588 843 3684 multiplices
860 3591 1087 3685 diversosque
1101 3594 1243 3684 modos,
1259 3595 1319 3687 qui
1340 3607 1526 3688 regnantes
1546 3601 1631 3674 insi·

223 3709 366 3801 quiunt,
384 3711 485 3786 adest
499 3712 544 3786 de
559 3713 692 3806 magnis
712 3713 997 3808 participantibus
1013 3716 1159 3809 provida
1181 3718 1350 3791 modestia
1372 3722 1628 3798 mendatorum.

224 3831 312 3907 Num
328 3833 405 3908 sive
419 3857 483 3930 pro
499 3857 593 3911 mere
611 3836 721 3929 gratia
737 3857 843 3931 quam
858 3838 1032 3930 aliquibus
1047 3841 1245 3932 conterant,
1263 3843 1321 3914 vel
1340 3845 1443 3935 juxta
1457 3848 1632 3938 justiciam

222 3957 389 4032 mundato
402 3981 467 4054 per
481 3959 597 4034 literas
613 3960 764 4052 dirigent
780 3960 826 4034 ad
841 3961 1031 4053 subjectos,
1049 3973 1181 4034 motum
1198 3964 1370 4038 interioris
1386 3967 1535 4042 bominis
1548 3969 1632 4068 (quo

224 4080 341 4155 medic
357 4081 393 4154 in
409 4091 526 4160 acmm
540 4085 640 4158 velut
653 4085 698 4158 de
714 4085 870 4180 potentia
890 4086 1025 4178 singula
1043 4087 1253 4185 prodeunt),
1269 4091 1377 4164 literis
1395 4095 1539 4186 credits,
1557 4119 1632 4169 me·

225 4203 309 4277 tatto
323 4205 380 4276 vel
398 4226 478 4280 cera
491 4205 638 4299 figurata
650 4208 846 4280 mmdsnts
861 4209 995 4304 species
1009 4210 1215 4284 authorimt.
1231 4213 1555 4314 Quantumcumque
1570 4241 1634 4294 ve·

226 4335 423 4401 rumtamen
430 4329 644 4402 dominantis
655 4341 802 4402 exornat
815 4333 979 4406 mandata
992 4333 1148 4406 modesta
1163 4335 1321 4428 directio,
1332 4340 1458 4412 accidit
1468 4343 1633 4439 precipue
1691 4415 1694 4420 .

224 4449 350 4528 moue
375 4452 525 4528 dominis
548 4450 661 4526 lidel'u
683 4463 719 4526 ct
741 4454 889 4547 diligens
913 4457 1074 4530 executio
1097 4459 1307 4552 eorundem,
1331 4485 1352 4534 a
1376 4464 1503 4556 quibus
1528 4469 1635 4546 tutius

226 4573 382 4648 nemun
395 4585 432 4650 et
447 4577 562 4650 minus
575 4577 740 4653 indecens
755 4589 936 4673 reputetur
950 4581 1046 4673 quod
1060 4581 1272 4676 imperantes
1287 4587 1518 4664 abstineanta
1534 4613 1634 4666 man·

227 4694 334 4790 datis,
344 4719 451 4792 quam
465 4719 529 4795 per
543 4701 744 4797 patientium
758 4701 888 4774 nullius
901 4704 1118 4778 executionis
1133 4727 1254 4780 eorum
1269 4709 1423 4785 indebite
1432 4717 1489 4786 vel
1503 4715 1634 4813 impro-
