<?xml version="1.0" encoding="UTF-8"?>
<!DOCTYPE html PUBLIC "-//W3C//DTD XHTML 1.0 Transitional//EN"
    "http://www.w3.org/TR/xhtml1/DTD/xhtml1-transitional.dtd">
<html xmlns="http://www.w3.org/1999/xhtml" xml:lang="en" lang="en">
 <head>
  <title>
</title>
<meta http-equiv="Content-Type" content="text/html;charset=utf-8" />
  <meta name='ocr-system' content='tesseract 3.04.00' />
  <meta name='ocr-capabilities' content='ocr_page ocr_carea ocr_par ocr_line ocrx_word'/>
</head>
<body>
  <div class='ocr_page' id='page_1' title='image "./historiadiploma00fredgoog/historiadiploma00fredgoog_0273.png"; bbox 0 0 4310 5908; ppageno 0'>
   <div class='ocr_carea' id='block_1_1' title="bbox 514 575 1912 667">
    <p class='ocr_par' dir='ltr' id='par_1_1' title="bbox 514 575 1912 667">
     <span class='ocr_line' id='line_1_1' title="bbox 514 575 1912 667; baseline 0.004 -28"><span class='ocrx_word' id='word_1_1' title='bbox 514 575 576 640; x_wconf 86' lang='lat' dir='ltr'><strong>sro</strong></span> <span class='ocrx_word' id='word_1_2' title='bbox 1019 583 1232 648; x_wconf 85' lang='lat' dir='ltr'><strong>rurnnurcr</strong></span> <span class='ocrx_word' id='word_1_3' title='bbox 1256 581 1431 647; x_wconf 84' lang='lat' dir='ltr'><strong>sncuunr</strong></span> <span class='ocrx_word' id='word_1_4' title='bbox 1727 580 1809 667; x_wconf 69' lang='lat' dir='ltr'><strong>[arr.</strong></span> <span class='ocrx_word' id='word_1_5' title='bbox 1826 580 1912 645; x_wconf 79' lang='lat' dir='ltr'><strong>raso.</strong></span> 
     </span>
    </p>
   </div>
   <div class='ocr_carea' id='block_1_2' title="bbox 505 712 1915 3779">
    <p class='ocr_par' dir='ltr' id='par_1_2' title="bbox 515 712 1915 1058">
     <span class='ocr_line' id='line_1_2' title="bbox 564 712 1915 814; baseline 0.001 -25"><span class='ocrx_word' id='word_1_6' title='bbox 564 712 590 803; x_wconf 82' lang='lat'>†</span> <span class='ocrx_word' id='word_1_7' title='bbox 614 715 688 810; x_wconf 83' lang='lat' dir='ltr'><strong>Ego</strong></span> <span class='ocrx_word' id='word_1_8' title='bbox 708 717 875 792; x_wconf 82' lang='lat' dir='ltr'><strong>Ricardus</strong></span> <span class='ocrx_word' id='word_1_9' title='bbox 889 741 1006 792; x_wconf 88' lang='lat' dir='ltr'><strong>comes</strong></span> <span class='ocrx_word' id='word_1_10' title='bbox 1020 721 1226 794; x_wconf 89' lang='lat' dir='ltr'><strong>Casertanns</strong></span> <span class='ocrx_word' id='word_1_11' title='bbox 1241 730 1383 814; x_wconf 86' lang='lat' dir='ltr'><strong>rogatus</strong></span> <span class='ocrx_word' id='word_1_12' title='bbox 1402 716 1601 814; x_wconf 86' lang='lat' dir='ltr'><strong>supradicto</strong></span> <span class='ocrx_word' id='word_1_13' title='bbox 1623 715 1793 812; x_wconf 83' lang='lat' dir='ltr'><strong>imperiali</strong></span> <span class='ocrx_word' id='word_1_14' title='bbox 1812 725 1915 790; x_wconf 86' lang='lat' dir='ltr'><strong>tasta-</strong></span> 
     </span>
     <span class='ocr_line' id='line_1_3' title="bbox 515 839 1914 940; baseline 0.004 -32"><span class='ocrx_word' id='word_1_15' title='bbox 515 847 633 910; x_wconf 87' lang='lat' dir='ltr'><strong>mento</strong></span> <span class='ocrx_word' id='word_1_16' title='bbox 650 839 806 934; x_wconf 84' lang='lat' dir='ltr'><strong>interlui,</strong></span> <span class='ocrx_word' id='word_1_17' title='bbox 825 863 930 914; x_wconf 87' lang='lat' dir='ltr'><strong>manu</strong></span> <span class='ocrx_word' id='word_1_18' title='bbox 951 845 1091 940; x_wconf 90' lang='lat' dir='ltr'><strong>propria</strong></span> <span class='ocrx_word' id='word_1_19' title='bbox 1107 866 1163 918; x_wconf 89' lang='lat' dir='ltr'><strong>ma</strong></span> <span class='ocrx_word' id='word_1_20' title='bbox 1178 843 1383 940; x_wconf 81' lang='lat' dir='ltr'><strong>subscripsi,</strong></span> <span class='ocrx_word' id='word_1_21' title='bbox 1401 839 1669 936; x_wconf 86' lang='lat' dir='ltr'><strong>supradictoque</strong></span> <span class='ocrx_word' id='word_1_22' title='bbox 1687 839 1855 936; x_wconf 83' lang='lat' dir='ltr'><strong>imperiali</strong></span> <span class='ocrx_word' id='word_1_23' title='bbox 1874 860 1914 913; x_wconf 88' lang='lat' dir='ltr'><strong>ac</strong></span> 
     </span>
     <span class='ocr_line' id='line_1_4' title="bbox 515 961 899 1058; baseline 0.016 -26"><span class='ocrx_word' id='word_1_24' title='bbox 515 963 611 1055; x_wconf 83' lang='lat' dir='ltr'><strong>regio</strong></span> <span class='ocrx_word' id='word_1_25' title='bbox 627 961 738 1056; x_wconf 90' lang='lat' dir='ltr'><strong>sigillo</strong></span> <span class='ocrx_word' id='word_1_26' title='bbox 753 965 899 1058; x_wconf 81' lang='lat' dir='ltr'><strong>signavi.</strong></span> 
     </span>
    </p>

    <p class='ocr_par' dir='ltr' id='par_1_3' title="bbox 513 1085 1914 1312">
     <span class='ocr_line' id='line_1_5' title="bbox 563 1085 1914 1189; baseline 0.001 -30"><span class='ocrx_word' id='word_1_27' title='bbox 563 1086 589 1178; x_wconf 88' lang='lat'>†</span> <span class='ocrx_word' id='word_1_28' title='bbox 612 1087 687 1181; x_wconf 85' lang='lat' dir='ltr'><strong>Ego</strong></span> <span class='ocrx_word' id='word_1_29' title='bbox 704 1085 851 1189; x_wconf 89' lang='lat' dir='ltr'><strong>[Petrus]</strong></span> <span class='ocrx_word' id='word_1_30' title='bbox 867 1091 986 1164; x_wconf 80' lang='lat' dir='ltr'><strong>lluffos</strong></span> <span class='ocrx_word' id='word_1_31' title='bbox 1001 1092 1046 1164; x_wconf 91' lang='lat' dir='ltr'><strong>de</strong></span> <span class='ocrx_word' id='word_1_32' title='bbox 1062 1091 1219 1164; x_wconf 76' lang='lat' dir='ltr'><strong>Calabria</strong></span> <span class='ocrx_word' id='word_1_33' title='bbox 1237 1101 1377 1184; x_wconf 87' lang='lat' dir='ltr'><strong>rogatus</strong></span> <span class='ocrx_word' id='word_1_34' title='bbox 1401 1088 1608 1184; x_wconf 87' lang='lat' dir='ltr'><strong>supradictis</strong></span> <span class='ocrx_word' id='word_1_35' title='bbox 1631 1087 1792 1160; x_wconf 92' lang='lat' dir='ltr'><strong>omnibns</strong></span> <span class='ocrx_word' id='word_1_36' title='bbox 1808 1087 1914 1160; x_wconf 87' lang='lat' dir='ltr'><strong>inter-</strong></span> 
     </span>
     <span class='ocr_line' id='line_1_6' title="bbox 513 1209 1731 1312; baseline 0.003 -32"><span class='ocrx_word' id='word_1_37' title='bbox 513 1209 577 1296; x_wconf 85' lang='lat' dir='ltr'><strong>sui,</strong></span> <span class='ocrx_word' id='word_1_38' title='bbox 594 1233 770 1306; x_wconf 88' lang='lat' dir='ltr'><strong>manuque</strong></span> <span class='ocrx_word' id='word_1_39' title='bbox 784 1215 924 1310; x_wconf 88' lang='lat' dir='ltr'><strong>propria</strong></span> <span class='ocrx_word' id='word_1_40' title='bbox 939 1214 1126 1312; x_wconf 83' lang='lat' dir='ltr'><strong>subscripsi</strong></span> <span class='ocrx_word' id='word_1_41' title='bbox 1143 1236 1185 1287; x_wconf 86' lang='lat' dir='ltr'><strong>ac</strong></span> <span class='ocrx_word' id='word_1_42' title='bbox 1200 1214 1369 1310; x_wconf 88' lang='lat' dir='ltr'><strong>imperiali</strong></span> <span class='ocrx_word' id='word_1_43' title='bbox 1387 1213 1500 1306; x_wconf 92' lang='lat' dir='ltr'><strong>sigillo</strong></span> <span class='ocrx_word' id='word_1_44' title='bbox 1514 1234 1571 1284; x_wconf 89' lang='lat' dir='ltr'><strong>me</strong></span> <span class='ocrx_word' id='word_1_45' title='bbox 1583 1212 1731 1304; x_wconf 87' lang='lat' dir='ltr'><strong>signavi.</strong></span> 
     </span>
    </p>

    <p class='ocr_par' dir='ltr' id='par_1_4' title="bbox 511 1329 1913 1556">
     <span class='ocr_line' id='line_1_7' title="bbox 561 1329 1913 1430; baseline 0.002 -25"><span class='ocrx_word' id='word_1_46' title='bbox 561 1329 685 1426; x_wconf 81' lang='lat' dir='ltr'><strong>†Fgo</strong></span> <span class='ocrx_word' id='word_1_47' title='bbox 711 1336 876 1428; x_wconf 83' lang='lat' dir='ltr'><strong>magister</strong></span> <span class='ocrx_word' id='word_1_48' title='bbox 904 1339 1054 1410; x_wconf 84' lang='lat' dir='ltr'><strong>Ioannes</strong></span> <span class='ocrx_word' id='word_1_49' title='bbox 1080 1338 1126 1410; x_wconf 87' lang='lat' dir='ltr'><strong>da</strong></span> <span class='ocrx_word' id='word_1_50' title='bbox 1149 1337 1319 1410; x_wconf 86' lang='lat' dir='ltr'><strong>Hidronto</strong></span> <span class='ocrx_word' id='word_1_51' title='bbox 1350 1333 1493 1430; x_wconf 86' lang='lat' dir='ltr'><strong>rogatos</strong></span> <span class='ocrx_word' id='word_1_52' title='bbox 1522 1335 1682 1426; x_wconf 83' lang='lat' dir='ltr'><strong>interlui,</strong></span> <span class='ocrx_word' id='word_1_53' title='bbox 1708 1355 1815 1406; x_wconf 90' lang='lat' dir='ltr'><strong>manu</strong></span> <span class='ocrx_word' id='word_1_54' title='bbox 1837 1356 1913 1408; x_wconf 87' lang='lat' dir='ltr'><strong>mea</strong></span> 
     </span>
     <span class='ocr_line' id='line_1_8' title="bbox 511 1455 1463 1556; baseline 0.004 -28"><span class='ocrx_word' id='word_1_55' title='bbox 511 1455 699 1553; x_wconf 83' lang='lat' dir='ltr'><strong>subscripsi</strong></span> <span class='ocrx_word' id='word_1_56' title='bbox 717 1468 753 1530; x_wconf 86' lang='lat' dir='ltr'><strong>ct</strong></span> <span class='ocrx_word' id='word_1_57' title='bbox 768 1459 937 1556; x_wconf 83' lang='lat' dir='ltr'><strong>imperiali</strong></span> <span class='ocrx_word' id='word_1_58' title='bbox 952 1482 994 1535; x_wconf 91' lang='lat' dir='ltr'><strong>ac</strong></span> <span class='ocrx_word' id='word_1_59' title='bbox 1010 1462 1104 1555; x_wconf 89' lang='lat' dir='ltr'><strong>ragio</strong></span> <span class='ocrx_word' id='word_1_60' title='bbox 1117 1462 1229 1555; x_wconf 88' lang='lat' dir='ltr'><strong>sigillo</strong></span> <span class='ocrx_word' id='word_1_61' title='bbox 1244 1483 1301 1534; x_wconf 88' lang='lat' dir='ltr'><strong>me</strong></span> <span class='ocrx_word' id='word_1_62' title='bbox 1318 1460 1463 1554; x_wconf 88' lang='lat' dir='ltr'><strong>signavi.</strong></span> 
     </span>
    </p>

    <p class='ocr_par' dir='ltr' id='par_1_5' title="bbox 511 1580 1911 1803">
     <span class='ocr_line' id='line_1_9' title="bbox 560 1580 1911 1680; baseline 0.002 -28"><span class='ocrx_word' id='word_1_63' title='bbox 560 1580 586 1671; x_wconf 82' lang='lat'>†</span> <span class='ocrx_word' id='word_1_64' title='bbox 610 1581 684 1674; x_wconf 85' lang='lat' dir='ltr'><strong>ligo</strong></span> <span class='ocrx_word' id='word_1_65' title='bbox 695 1582 850 1656; x_wconf 85' lang='lat' dir='ltr'><strong>Fulcuno</strong></span> <span class='ocrx_word' id='word_1_66' title='bbox 866 1583 986 1657; x_wconf 81' lang='lat' dir='ltr'><strong>Rullus</strong></span> <span class='ocrx_word' id='word_1_67' title='bbox 1003 1596 1144 1678; x_wconf 89' lang='lat' dir='ltr'><strong>rogatus</strong></span> <span class='ocrx_word' id='word_1_68' title='bbox 1155 1585 1309 1676; x_wconf 82' lang='lat' dir='ltr'><strong>interfui,</strong></span> <span class='ocrx_word' id='word_1_69' title='bbox 1322 1583 1576 1680; x_wconf 88' lang='lat' dir='ltr'><strong>manupropria</strong></span> <span class='ocrx_word' id='word_1_70' title='bbox 1594 1582 1781 1679; x_wconf 86' lang='lat' dir='ltr'><strong>subscripsi</strong></span> <span class='ocrx_word' id='word_1_71' title='bbox 1796 1591 1833 1656; x_wconf 88' lang='lat' dir='ltr'><strong>et</strong></span> <span class='ocrx_word' id='word_1_72' title='bbox 1846 1583 1911 1655; x_wconf 93' lang='lat' dir='ltr'><strong>im-</strong></span> 
     </span>
     <span class='ocr_line' id='line_1_10' title="bbox 511 1705 1108 1803; baseline 0.008 -28"><span class='ocrx_word' id='word_1_73' title='bbox 511 1705 632 1800; x_wconf 89' lang='lat' dir='ltr'><strong>periali</strong></span> <span class='ocrx_word' id='word_1_74' title='bbox 646 1707 813 1801; x_wconf 89' lang='lat' dir='ltr'><strong>regioque</strong></span> <span class='ocrx_word' id='word_1_75' title='bbox 831 1709 944 1801; x_wconf 84' lang='lat' dir='ltr'><strong>sigillo</strong></span> <span class='ocrx_word' id='word_1_76' title='bbox 962 1710 1108 1803; x_wconf 77' lang='lat' dir='ltr'><strong>signavi.</strong></span> 
     </span>
    </p>

    <p class='ocr_par' dir='ltr' id='par_1_6' title="bbox 509 1825 1913 2051">
     <span class='ocr_line' id='line_1_11' title="bbox 559 1825 1913 1927; baseline -0.001 -26"><span class='ocrx_word' id='word_1_77' title='bbox 559 1825 585 1916; x_wconf 83' lang='lat'>†</span> <span class='ocrx_word' id='word_1_78' title='bbox 609 1828 683 1921; x_wconf 83' lang='lat' dir='ltr'><strong>Ego</strong></span> <span class='ocrx_word' id='word_1_79' title='bbox 700 1829 879 1902; x_wconf 82' lang='lat' dir='ltr'><strong>lohannes</strong></span> <span class='ocrx_word' id='word_1_80' title='bbox 892 1831 937 1903; x_wconf 90' lang='lat' dir='ltr'><strong>de</strong></span> <span class='ocrx_word' id='word_1_81' title='bbox 957 1833 1067 1904; x_wconf 89' lang='lat' dir='ltr'><strong>Ocrea</strong></span> <span class='ocrx_word' id='word_1_82' title='bbox 1081 1841 1222 1926; x_wconf 88' lang='lat' dir='ltr'><strong>rogatus</strong></span> <span class='ocrx_word' id='word_1_83' title='bbox 1238 1842 1278 1903; x_wconf 91' lang='lat' dir='ltr'><strong>ut</strong></span> <span class='ocrx_word' id='word_1_84' title='bbox 1298 1851 1402 1927; x_wconf 91' lang='lat' dir='ltr'><strong>supra</strong></span> <span class='ocrx_word' id='word_1_85' title='bbox 1418 1849 1563 1927; x_wconf 89' lang='lat' dir='ltr'><strong>presens</strong></span> <span class='ocrx_word' id='word_1_86' title='bbox 1575 1829 1640 1920; x_wconf 83' lang='lat' dir='ltr'><strong>lui,</strong></span> <span class='ocrx_word' id='word_1_87' title='bbox 1658 1849 1715 1902; x_wconf 88' lang='lat' dir='ltr'><strong>mo</strong></span> <span class='ocrx_word' id='word_1_88' title='bbox 1727 1828 1913 1924; x_wconf 89' lang='lat' dir='ltr'><strong>subscripsi</strong></span> 
     </span>
     <span class='ocr_line' id='line_1_12' title="bbox 509 1952 1519 2051; baseline 0.003 -30"><span class='ocrx_word' id='word_1_89' title='bbox 509 1970 615 2023; x_wconf 90' lang='lat' dir='ltr'><strong>manu</strong></span> <span class='ocrx_word' id='word_1_90' title='bbox 631 1953 773 2049; x_wconf 90' lang='lat' dir='ltr'><strong>propria</strong></span> <span class='ocrx_word' id='word_1_91' title='bbox 786 1973 828 2024; x_wconf 88' lang='lat' dir='ltr'><strong>ac</strong></span> <span class='ocrx_word' id='word_1_92' title='bbox 845 1953 1044 2050; x_wconf 87' lang='lat' dir='ltr'><strong>supradicto</strong></span> <span class='ocrx_word' id='word_1_93' title='bbox 1057 1954 1228 2051; x_wconf 86' lang='lat' dir='ltr'><strong>imperiali</strong></span> <span class='ocrx_word' id='word_1_94' title='bbox 1243 1953 1356 2047; x_wconf 90' lang='lat' dir='ltr'><strong>sigillo</strong></span> <span class='ocrx_word' id='word_1_95' title='bbox 1371 1952 1519 2047; x_wconf 89' lang='lat' dir='ltr'><strong>signavi.</strong></span> 
     </span>
    </p>

    <p class='ocr_par' dir='ltr' id='par_1_7' title="bbox 510 2075 1909 2294">
     <span class='ocr_line' id='line_1_13' title="bbox 558 2075 1909 2174; baseline -0.001 -27"><span class='ocrx_word' id='word_1_96' title='bbox 558 2075 584 2165; x_wconf 78' lang='lat'><em>†</em></span> <span class='ocrx_word' id='word_1_97' title='bbox 608 2076 682 2168; x_wconf 86' lang='lat' dir='ltr'><strong>Ego</strong></span> <span class='ocrx_word' id='word_1_98' title='bbox 698 2077 862 2170; x_wconf 87' lang='lat' dir='ltr'><strong>magister</strong></span> <span class='ocrx_word' id='word_1_99' title='bbox 875 2080 1024 2151; x_wconf 83' lang='lat' dir='ltr'><strong>Ioannes</strong></span> <span class='ocrx_word' id='word_1_100' title='bbox 1039 2079 1085 2152; x_wconf 87' lang='lat' dir='ltr'><strong>da</strong></span> <span class='ocrx_word' id='word_1_101' title='bbox 1100 2079 1245 2153; x_wconf 83' lang='lat' dir='ltr'><strong>Procida</strong></span> <span class='ocrx_word' id='word_1_102' title='bbox 1262 2077 1471 2174; x_wconf 87' lang='lat' dir='ltr'><strong>supradictis</strong></span> <span class='ocrx_word' id='word_1_103' title='bbox 1483 2076 1644 2151; x_wconf 88' lang='lat' dir='ltr'><strong>omnibus</strong></span> <span class='ocrx_word' id='word_1_104' title='bbox 1659 2076 1813 2164; x_wconf 85' lang='lat' dir='ltr'><strong>interlui,</strong></span> <span class='ocrx_word' id='word_1_105' title='bbox 1828 2075 1909 2148; x_wconf 88' lang='lat' dir='ltr'><strong>snb·</strong></span> 
     </span>
     <span class='ocr_line' id='line_1_14' title="bbox 510 2199 999 2294; baseline 0.004 -22"><span class='ocrx_word' id='word_1_106' title='bbox 510 2199 644 2294; x_wconf 86' lang='lat' dir='ltr'><strong>scripsi,</strong></span> <span class='ocrx_word' id='word_1_107' title='bbox 664 2199 811 2291; x_wconf 82' lang='lat' dir='ltr'><strong>sigillavi</strong></span> <span class='ocrx_word' id='word_1_108' title='bbox 827 2210 999 2274; x_wconf 86' lang='lat' dir='ltr'><strong>attestor.</strong></span> 
     </span>
    </p>

    <p class='ocr_par' dir='ltr' id='par_1_8' title="bbox 509 2321 1908 2522">
     <span class='ocr_line' id='line_1_15' title="bbox 558 2321 1908 2420; baseline -0.001 -24"><span class='ocrx_word' id='word_1_109' title='bbox 558 2321 585 2412; x_wconf 86' lang='lat'>†</span> <span class='ocrx_word' id='word_1_110' title='bbox 608 2324 683 2415; x_wconf 79' lang='lat' dir='ltr'><strong>ligo</strong></span> <span class='ocrx_word' id='word_1_111' title='bbox 700 2324 864 2417; x_wconf 85' lang='lat' dir='ltr'><strong>magister</strong></span> <span class='ocrx_word' id='word_1_112' title='bbox 881 2327 1050 2399; x_wconf 83' lang='lat' dir='ltr'><strong>llobertus</strong></span> <span class='ocrx_word' id='word_1_113' title='bbox 1065 2326 1110 2398; x_wconf 91' lang='lat' dir='ltr'><strong>de</strong></span> <span class='ocrx_word' id='word_1_114' title='bbox 1130 2327 1300 2398; x_wconf 89' lang='lat' dir='ltr'><strong>Panormo</strong></span> <span class='ocrx_word' id='word_1_115' title='bbox 1321 2333 1462 2420; x_wconf 85' lang='lat' dir='ltr'><strong>rogatos</strong></span> <span class='ocrx_word' id='word_1_116' title='bbox 1477 2345 1534 2397; x_wconf 88' lang='lat' dir='ltr'><strong>me</strong></span> <span class='ocrx_word' id='word_1_117' title='bbox 1554 2324 1741 2420; x_wconf 88' lang='lat' dir='ltr'><strong>subscripsi</strong></span> <span class='ocrx_word' id='word_1_118' title='bbox 1760 2333 1798 2396; x_wconf 87' lang='lat' dir='ltr'><strong>et</strong></span> <span class='ocrx_word' id='word_1_119' title='bbox 1815 2324 1908 2418; x_wconf 89' lang='lat' dir='ltr'><strong>sigil-</strong></span> 
     </span>
     <span class='ocr_line' id='line_1_16' title="bbox 509 2447 1245 2522; baseline 0.005 -4"><span class='ocrx_word' id='word_1_120' title='bbox 509 2447 580 2518; x_wconf 89' lang='lat' dir='ltr'><strong>lavi</strong></span> <span class='ocrx_word' id='word_1_121' title='bbox 595 2467 637 2518; x_wconf 90' lang='lat' dir='ltr'><strong>ac</strong></span> <span class='ocrx_word' id='word_1_122' title='bbox 653 2447 813 2520; x_wconf 91' lang='lat' dir='ltr'><strong>omnibus</strong></span> <span class='ocrx_word' id='word_1_123' title='bbox 831 2449 971 2521; x_wconf 84' lang='lat' dir='ltr'><strong>interfui</strong></span> <span class='ocrx_word' id='word_1_124' title='bbox 990 2461 1026 2522; x_wconf 90' lang='lat' dir='ltr'><strong>et</strong></span> <span class='ocrx_word' id='word_1_125' title='bbox 1043 2451 1139 2522; x_wconf 89' lang='lat' dir='ltr'><strong>testis</strong></span> <span class='ocrx_word' id='word_1_126' title='bbox 1155 2471 1245 2522; x_wconf 87' lang='lat' dir='ltr'><strong>snm.</strong></span> 
     </span>
    </p>

    <p class='ocr_par' dir='ltr' id='par_1_9' title="bbox 505 2569 1911 2916">
     <span class='ocr_line' id='line_1_17' title="bbox 556 2569 1911 2670; baseline 0.001 -29"><span class='ocrx_word' id='word_1_127' title='bbox 556 2569 680 2662; x_wconf 83' lang='lat' dir='ltr'><strong>†Ego</strong></span> <span class='ocrx_word' id='word_1_128' title='bbox 706 2571 872 2645; x_wconf 85' lang='lat' dir='ltr'><strong>Ricardus</strong></span> <span class='ocrx_word' id='word_1_129' title='bbox 904 2573 949 2645; x_wconf 87' lang='lat' dir='ltr'><strong>de</strong></span> <span class='ocrx_word' id='word_1_130' title='bbox 976 2574 1193 2667; x_wconf 86' lang='lat' dir='ltr'><strong>Montanigro</strong></span> <span class='ocrx_word' id='word_1_131' title='bbox 1222 2573 1410 2670; x_wconf 83' lang='lat' dir='ltr'><strong>imperialis</strong></span> <span class='ocrx_word' id='word_1_132' title='bbox 1433 2571 1598 2666; x_wconf 83' lang='lat' dir='ltr'><strong>regiaque</strong></span> <span class='ocrx_word' id='word_1_133' title='bbox 1627 2571 1723 2644; x_wconf 86' lang='lat' dir='ltr'><strong>curia</strong></span> <span class='ocrx_word' id='word_1_134' title='bbox 1749 2572 1911 2666; x_wconf 87' lang='lat' dir='ltr'><strong>magister</strong></span> 
     </span>
     <span class='ocr_line' id='line_1_18' title="bbox 505 2694 1908 2792; baseline 0.002 -28"><span class='ocrx_word' id='word_1_135' title='bbox 505 2695 711 2786; x_wconf 88' lang='lat' dir='ltr'><strong>justitiarius</strong></span> <span class='ocrx_word' id='word_1_136' title='bbox 729 2697 935 2791; x_wconf 90' lang='lat' dir='ltr'><strong>supradictis</strong></span> <span class='ocrx_word' id='word_1_137' title='bbox 951 2697 1112 2770; x_wconf 92' lang='lat' dir='ltr'><strong>omnibus</strong></span> <span class='ocrx_word' id='word_1_138' title='bbox 1130 2706 1271 2792; x_wconf 87' lang='lat' dir='ltr'><strong>rogatus</strong></span> <span class='ocrx_word' id='word_1_139' title='bbox 1291 2696 1449 2785; x_wconf 84' lang='lat' dir='ltr'><strong>interlui,</strong></span> <span class='ocrx_word' id='word_1_140' title='bbox 1465 2717 1571 2768; x_wconf 91' lang='lat' dir='ltr'><strong>manu</strong></span> <span class='ocrx_word' id='word_1_141' title='bbox 1591 2694 1733 2792; x_wconf 89' lang='lat' dir='ltr'><strong>propria</strong></span> <span class='ocrx_word' id='word_1_142' title='bbox 1751 2716 1809 2767; x_wconf 89' lang='lat' dir='ltr'><strong>me</strong></span> <span class='ocrx_word' id='word_1_143' title='bbox 1828 2694 1908 2767; x_wconf 90' lang='lat' dir='ltr'><strong>sub-</strong></span> 
     </span>
     <span class='ocr_line' id='line_1_19' title="bbox 509 2818 1904 2916; baseline 0.001 -28"><span class='ocrx_word' id='word_1_144' title='bbox 509 2818 628 2913; x_wconf 90' lang='lat' dir='ltr'><strong>scripsi</strong></span> <span class='ocrx_word' id='word_1_145' title='bbox 645 2839 686 2892; x_wconf 86' lang='lat' dir='ltr'><strong>ac</strong></span> <span class='ocrx_word' id='word_1_146' title='bbox 712 2820 911 2914; x_wconf 86' lang='lat' dir='ltr'><strong>supradicto</strong></span> <span class='ocrx_word' id='word_1_147' title='bbox 931 2821 1099 2916; x_wconf 89' lang='lat' dir='ltr'><strong>imperiali</strong></span> <span class='ocrx_word' id='word_1_148' title='bbox 1120 2831 1156 2894; x_wconf 88' lang='lat' dir='ltr'><strong>et</strong></span> <span class='ocrx_word' id='word_1_149' title='bbox 1173 2821 1268 2914; x_wconf 87' lang='lat' dir='ltr'><strong>regio</strong></span> <span class='ocrx_word' id='word_1_150' title='bbox 1291 2820 1405 2914; x_wconf 86' lang='lat' dir='ltr'><strong>sigillo</strong></span> <span class='ocrx_word' id='word_1_151' title='bbox 1420 2840 1477 2892; x_wconf 90' lang='lat' dir='ltr'><strong>ma</strong></span> <span class='ocrx_word' id='word_1_152' title='bbox 1497 2819 1631 2912; x_wconf 88' lang='lat' dir='ltr'><strong>signavi</strong></span> <span class='ocrx_word' id='word_1_153' title='bbox 1647 2827 1684 2890; x_wconf 88' lang='lat' dir='ltr'><strong>at</strong></span> <span class='ocrx_word' id='word_1_154' title='bbox 1698 2819 1795 2891; x_wconf 85' lang='lat' dir='ltr'><strong>testis</strong></span> <span class='ocrx_word' id='word_1_155' title='bbox 1817 2839 1904 2891; x_wconf 89' lang='lat' dir='ltr'><strong>sam.</strong></span> 
     </span>
    </p>

    <p class='ocr_par' dir='ltr' id='par_1_10' title="bbox 506 2943 1909 3668">
     <span class='ocr_line' id='line_1_20' title="bbox 556 2943 1909 3040; baseline 0.001 -26"><span class='ocrx_word' id='word_1_156' title='bbox 556 2943 582 3034; x_wconf 83' lang='lat'>†</span> <span class='ocrx_word' id='word_1_157' title='bbox 606 2943 680 3036; x_wconf 85' lang='lat' dir='ltr'><strong>Ego</strong></span> <span class='ocrx_word' id='word_1_158' title='bbox 697 2943 860 3036; x_wconf 84' lang='lat' dir='ltr'><strong>magister</strong></span> <span class='ocrx_word' id='word_1_159' title='bbox 881 2945 1042 3018; x_wconf 90' lang='lat' dir='ltr'><strong>Nicolaus</strong></span> <span class='ocrx_word' id='word_1_160' title='bbox 1066 2945 1111 3017; x_wconf 90' lang='lat' dir='ltr'><strong>de</strong></span> <span class='ocrx_word' id='word_1_161' title='bbox 1137 2944 1345 3035; x_wconf 87' lang='lat' dir='ltr'><strong>Brundusio,</strong></span> <span class='ocrx_word' id='word_1_162' title='bbox 1373 2943 1533 3040; x_wconf 90' lang='lat' dir='ltr'><strong>publicus</strong></span> <span class='ocrx_word' id='word_1_163' title='bbox 1562 2943 1702 3015; x_wconf 80' lang='lat' dir='ltr'><strong>tabellio</strong></span> <span class='ocrx_word' id='word_1_164' title='bbox 1725 2943 1861 3039; x_wconf 85' lang='lat' dir='ltr'><strong>imperii</strong></span> <span class='ocrx_word' id='word_1_165' title='bbox 1874 2953 1909 3016; x_wconf 86' lang='lat' dir='ltr'><strong>et</strong></span> 
     </span>
     <span class='ocr_line' id='line_1_21' title="bbox 508 3066 1909 3163; baseline 0 -25"><span class='ocrx_word' id='word_1_166' title='bbox 508 3067 605 3158; x_wconf 86' lang='lat' dir='ltr'><strong>regni</strong></span> <span class='ocrx_word' id='word_1_167' title='bbox 626 3067 799 3140; x_wconf 82' lang='lat' dir='ltr'><strong>Siciliane</strong></span> <span class='ocrx_word' id='word_1_168' title='bbox 818 3068 1118 3163; x_wconf 88' lang='lat' dir='ltr'><strong>imperialiscurie</strong></span> <span class='ocrx_word' id='word_1_169' title='bbox 1139 3068 1316 3158; x_wconf 86' lang='lat' dir='ltr'><strong>notarius,</strong></span> <span class='ocrx_word' id='word_1_170' title='bbox 1340 3079 1517 3160; x_wconf 88' lang='lat' dir='ltr'><strong>rogatusa</strong></span> <span class='ocrx_word' id='word_1_171' title='bbox 1540 3066 1682 3140; x_wconf 91' lang='lat' dir='ltr'><strong>domino</strong></span> <span class='ocrx_word' id='word_1_172' title='bbox 1703 3068 1909 3162; x_wconf 77' lang='lat' dir='ltr'><strong>imperatore</strong></span> 
     </span>
     <span class='ocr_line' id='line_1_22' title="bbox 507 3187 1908 3286; baseline 0.001 -25"><span class='ocrx_word' id='word_1_173' title='bbox 507 3200 547 3261; x_wconf 89' lang='lat' dir='ltr'><strong>nt</strong></span> <span class='ocrx_word' id='word_1_174' title='bbox 566 3190 802 3286; x_wconf 87' lang='lat' dir='ltr'><strong>supradictum</strong></span> <span class='ocrx_word' id='word_1_175' title='bbox 825 3193 900 3283; x_wconf 90' lang='lat' dir='ltr'><strong>ejus</strong></span> <span class='ocrx_word' id='word_1_176' title='bbox 924 3201 1167 3264; x_wconf 87' lang='lat' dir='ltr'><strong>testamentum</strong></span> <span class='ocrx_word' id='word_1_177' title='bbox 1187 3212 1356 3286; x_wconf 87' lang='lat' dir='ltr'><strong>suamque</strong></span> <span class='ocrx_word' id='word_1_178' title='bbox 1384 3189 1542 3262; x_wconf 83' lang='lat' dir='ltr'><strong>ultimam</strong></span> <span class='ocrx_word' id='word_1_179' title='bbox 1565 3191 1777 3263; x_wconf 86' lang='lat' dir='ltr'><strong>voluntatem</strong></span> <span class='ocrx_word' id='word_1_180' title='bbox 1801 3187 1908 3263; x_wconf 85' lang='lat' dir='ltr'><strong>confi·</strong></span> 
     </span>
     <span class='ocr_line' id='line_1_23' title="bbox 507 3316 1908 3414; baseline 0.003 -28"><span class='ocrx_word' id='word_1_181' title='bbox 507 3335 642 3408; x_wconf 89' lang='lat' dir='ltr'><strong>cerem,</strong></span> <span class='ocrx_word' id='word_1_182' title='bbox 659 3317 741 3409; x_wconf 89' lang='lat' dir='ltr'><strong>quia</strong></span> <span class='ocrx_word' id='word_1_183' title='bbox 765 3318 939 3414; x_wconf 83' lang='lat' dir='ltr'><strong>premissis</strong></span> <span class='ocrx_word' id='word_1_184' title='bbox 959 3319 1121 3390; x_wconf 90' lang='lat' dir='ltr'><strong>omnibus</strong></span> <span class='ocrx_word' id='word_1_185' title='bbox 1141 3329 1177 3390; x_wconf 92' lang='lat' dir='ltr'><strong>et</strong></span> <span class='ocrx_word' id='word_1_186' title='bbox 1199 3318 1343 3411; x_wconf 88' lang='lat' dir='ltr'><strong>singulis</strong></span> <span class='ocrx_word' id='word_1_187' title='bbox 1358 3337 1428 3389; x_wconf 89' lang='lat' dir='ltr'><strong>una</strong></span> <span class='ocrx_word' id='word_1_188' title='bbox 1443 3338 1523 3390; x_wconf 91' lang='lat' dir='ltr'><strong>cum</strong></span> <span class='ocrx_word' id='word_1_189' title='bbox 1538 3316 1745 3412; x_wconf 86' lang='lat' dir='ltr'><strong>supradictis</strong></span> <span class='ocrx_word' id='word_1_190' title='bbox 1765 3317 1908 3390; x_wconf 84' lang='lat' dir='ltr'><strong>testibus</strong></span> 
     </span>
     <span class='ocr_line' id='line_1_24' title="bbox 507 3439 1908 3538; baseline 0.004 -29"><span class='ocrx_word' id='word_1_191' title='bbox 507 3439 647 3511; x_wconf 85' lang='lat' dir='ltr'><strong>interfui</strong></span> <span class='ocrx_word' id='word_1_192' title='bbox 662 3450 698 3512; x_wconf 86' lang='lat' dir='ltr'><strong>ct</strong></span> <span class='ocrx_word' id='word_1_193' title='bbox 713 3441 888 3536; x_wconf 90' lang='lat' dir='ltr'><strong>publicavi</strong></span> <span class='ocrx_word' id='word_1_194' title='bbox 906 3464 948 3514; x_wconf 90' lang='lat' dir='ltr'><strong>ac</strong></span> <span class='ocrx_word' id='word_1_195' title='bbox 966 3443 1001 3514; x_wconf 91' lang='lat' dir='ltr'><strong>in</strong></span> <span class='ocrx_word' id='word_1_196' title='bbox 1018 3451 1215 3537; x_wconf 80' lang='lat' dir='ltr'><strong>presentem</strong></span> <span class='ocrx_word' id='word_1_197' title='bbox 1230 3441 1406 3538; x_wconf 89' lang='lat' dir='ltr'><strong>publicam</strong></span> <span class='ocrx_word' id='word_1_198' title='bbox 1419 3441 1564 3514; x_wconf 80' lang='lat' dir='ltr'><strong>formam</strong></span> <span class='ocrx_word' id='word_1_199' title='bbox 1579 3439 1711 3534; x_wconf 82' lang='lat' dir='ltr'><strong>redegi,</strong></span> <span class='ocrx_word' id='word_1_200' title='bbox 1730 3439 1810 3514; x_wconf 88' lang='lat' dir='ltr'><strong>ideo</strong></span> <span class='ocrx_word' id='word_1_201' title='bbox 1825 3441 1908 3514; x_wconf 87' lang='lat' dir='ltr'><strong>sub·</strong></span> 
     </span>
     <span class='ocr_line' id='line_1_25' title="bbox 506 3563 1747 3668; baseline 0.002 -35"><span class='ocrx_word' id='word_1_202' title='bbox 506 3563 691 3657; x_wconf 86' lang='lat' dir='ltr'><strong>scriptione</strong></span> <span class='ocrx_word' id='word_1_203' title='bbox 706 3575 742 3636; x_wconf 88' lang='lat' dir='ltr'><strong>et</strong></span> <span class='ocrx_word' id='word_1_204' title='bbox 756 3565 854 3658; x_wconf 91' lang='lat' dir='ltr'><strong>signo</strong></span> <span class='ocrx_word' id='word_1_205' title='bbox 866 3566 953 3638; x_wconf 88' lang='lat' dir='ltr'><strong>meis</strong></span> <span class='ocrx_word' id='word_1_206' title='bbox 967 3566 1075 3639; x_wconf 91' lang='lat' dir='ltr'><strong>solitis</strong></span> <span class='ocrx_word' id='word_1_207' title='bbox 1089 3576 1125 3638; x_wconf 86' lang='lat' dir='ltr'><strong>ct</strong></span> <span class='ocrx_word' id='word_1_208' title='bbox 1138 3565 1312 3638; x_wconf 88' lang='lat' dir='ltr'><strong>consuetis</strong></span> <span class='ocrx_word' id='word_1_209' title='bbox 1326 3564 1511 3660; x_wconf 90' lang='lat' dir='ltr'><strong>subscripsi</strong></span> <span class='ocrx_word' id='word_1_210' title='bbox 1526 3564 1721 3659; x_wconf 74' lang='lat' dir='ltr'><strong>obsignavi.</strong></span> <span class='ocrx_word' id='word_1_211' title='bbox 1744 3662 1747 3668; x_wconf 70' lang='lat'><strong>,</strong></span> 
     </span>
    </p>

    <p class='ocr_par' dir='ltr' id='par_1_11' title="bbox 553 3686 1348 3779">
     <span class='ocr_line' id='line_1_26' title="bbox 553 3686 1348 3779; baseline 0.001 -20"><span class='ocrx_word' id='word_1_212' title='bbox 553 3686 716 3779; x_wconf 73' lang='lat' dir='ltr'><strong>Magister</strong></span> <span class='ocrx_word' id='word_1_213' title='bbox 733 3688 894 3760; x_wconf 89' lang='lat' dir='ltr'><strong>Nicolaus</strong></span> <span class='ocrx_word' id='word_1_214' title='bbox 912 3688 956 3760; x_wconf 89' lang='lat' dir='ltr'><strong>de</strong></span> <span class='ocrx_word' id='word_1_215' title='bbox 972 3688 1166 3760; x_wconf 81' lang='lat' dir='ltr'><strong>brundusio</strong></span> <span class='ocrx_word' id='word_1_216' title='bbox 1181 3687 1348 3760; x_wconf 84' lang='lat' dir='ltr'><strong>notarius.</strong></span> 
     </span>
    </p>
   </div>
   <div class='ocr_carea' id='block_1_3' title="bbox 447 4272 1905 4760">
    <p class='ocr_par' dir='ltr' id='par_1_12' title="bbox 447 4272 1905 4760">
     <span class='ocr_line' id='line_1_27' title="bbox 447 4272 1902 4382; baseline -0.008 -14"><span class='ocrx_word' id='word_1_217' title='bbox 447 4357 452 4368; x_wconf 95' lang='lat'><em>.</em></span> <span class='ocrx_word' id='word_1_218' title='bbox 559 4279 777 4362; x_wconf 86' lang='lat' dir='ltr'><strong>llanlredus</strong></span> <span class='ocrx_word' id='word_1_219' title='bbox 812 4277 920 4360; x_wconf 86' lang='lat' dir='ltr'><strong>fratri</strong></span> <span class='ocrx_word' id='word_1_220' title='bbox 952 4303 1022 4362; x_wconf 90' lang='lat' dir='ltr'><strong>suo</strong></span> <span class='ocrx_word' id='word_1_221' title='bbox 1048 4277 1243 4382; x_wconf 90' lang='lat' dir='ltr'><strong>Conrado,</strong></span> <span class='ocrx_word' id='word_1_222' title='bbox 1272 4275 1532 4361; x_wconf 85' lang='lat' dir='ltr'><strong>Romanorum</strong></span> <span class='ocrx_word' id='word_1_223' title='bbox 1560 4287 1599 4359; x_wconf 89' lang='lat' dir='ltr'><strong>et</strong></span> <span class='ocrx_word' id='word_1_224' title='bbox 1626 4273 1774 4357; x_wconf 90' lang='lat' dir='ltr'><strong>Siciliae</strong></span> <span class='ocrx_word' id='word_1_225' title='bbox 1799 4272 1902 4382; x_wconf 86' lang='lat' dir='ltr'><strong>regi,</strong></span> 
     </span>
     <span class='ocr_line' id='line_1_28' title="bbox 504 4404 1904 4521; baseline -0.004 -28"><span class='ocrx_word' id='word_1_226' title='bbox 504 4411 622 4521; x_wconf 86' lang='lat' dir='ltr'><strong>patris</strong></span> <span class='ocrx_word' id='word_1_227' title='bbox 645 4412 704 4494; x_wconf 89' lang='lat' dir='ltr'><strong>sui</strong></span> <span class='ocrx_word' id='word_1_228' title='bbox 726 4409 963 4520; x_wconf 86' lang='lat' dir='ltr'><strong>imperatoris</strong></span> <span class='ocrx_word' id='word_1_229' title='bbox 981 4409 1159 4494; x_wconf 89' lang='lat' dir='ltr'><strong>Friderici</strong></span> <span class='ocrx_word' id='word_1_230' title='bbox 1177 4418 1341 4493; x_wconf 86' lang='lat' dir='ltr'><strong>mortem</strong></span> <span class='ocrx_word' id='word_1_231' title='bbox 1364 4409 1550 4517; x_wconf 85' lang='lat' dir='ltr'><strong>notificat,</strong></span> <span class='ocrx_word' id='word_1_232' title='bbox 1569 4408 1610 4489; x_wconf 91' lang='lat' dir='ltr'><strong>in</strong></span> <span class='ocrx_word' id='word_1_233' title='bbox 1626 4408 1700 4490; x_wconf 88' lang='lat' dir='ltr'><strong>hoc</strong></span> <span class='ocrx_word' id='word_1_234' title='bbox 1721 4404 1904 4490; x_wconf 85' lang='lat' dir='ltr'><strong>consola-</strong></span> 
     </span>
     <span class='ocr_line' id='line_1_29' title="bbox 504 4537 1905 4652; baseline -0.004 -26"><span class='ocrx_word' id='word_1_235' title='bbox 504 4545 617 4627; x_wconf 89' lang='lat' dir='ltr'><strong>tionis</strong></span> <span class='ocrx_word' id='word_1_236' title='bbox 647 4543 812 4627; x_wconf 88' lang='lat' dir='ltr'><strong>remedia</strong></span> <span class='ocrx_word' id='word_1_237' title='bbox 840 4541 998 4626; x_wconf 86' lang='lat' dir='ltr'><strong>afferens</strong></span> <span class='ocrx_word' id='word_1_238' title='bbox 1024 4543 1128 4652; x_wconf 91' lang='lat' dir='ltr'><strong>quod</strong></span> <span class='ocrx_word' id='word_1_239' title='bbox 1161 4543 1261 4624; x_wconf 91' lang='lat' dir='ltr'><strong>idem</strong></span> <span class='ocrx_word' id='word_1_240' title='bbox 1289 4540 1494 4652; x_wconf 89' lang='lat' dir='ltr'><strong>imperator</strong></span> <span class='ocrx_word' id='word_1_241' title='bbox 1522 4539 1721 4626; x_wconf 84' lang='lat' dir='ltr'><strong>victoriose</strong></span> <span class='ocrx_word' id='word_1_242' title='bbox 1746 4537 1839 4623; x_wconf 81' lang='lat' dir='ltr'><strong>vixit</strong></span> <span class='ocrx_word' id='word_1_243' title='bbox 1868 4548 1905 4620; x_wconf 87' lang='lat' dir='ltr'><strong>et</strong></span> 
     </span>
     <span class='ocr_line' id='line_1_30' title="bbox 503 4676 934 4760; baseline -0.012 0"><span class='ocrx_word' id='word_1_244' title='bbox 503 4677 813 4760; x_wconf 90' lang='lat' dir='ltr'><strong>christianissime</strong></span> <span class='ocrx_word' id='word_1_245' title='bbox 830 4676 934 4758; x_wconf 85' lang='lat' dir='ltr'><strong>obiit.</strong></span> 
     </span>
    </p>
   </div>
   <div class='ocr_carea' id='block_1_4' title="bbox 0 0 2160 5908">
    <p class='ocr_par' dir='ltr' id='par_1_13' title="bbox 0 0 2160 5908">
     <span class='ocr_line' id='line_1_31' title="bbox 0 0 2160 5908; baseline 0 4"><span class='ocrx_word' id='word_1_246' title='bbox 0 0 2160 5908; x_wconf 95' lang='lat' dir='ltr'><strong> </strong></span> 
     </span>
    </p>
   </div>
  </div>
 </body>
</html>
