4318 5904
736 603 1049 672 tootuttteurtl.
1536 603 1601 666 923

187 763 233 817 eo
248 764 332 816 sane
342 733 437 837 quod
449 737 617 839 'scripsisti
636 739 670 816 le
687 755 830 840 propter
844 744 994 838 quedam
1008 742 1240 817 diversimode
1255 741 1430 813 intellecta
1447 739 1492 812 dc
1507 747 1600 810 statu

189 866 338 940 civitatis
360 866 524 938 Thauriui
545 865 613 964 (l),
634 889 704 962 que
723 869 785 940 tibi
807 868 1017 941 videbantur
1032 869 1192 962 obliqua,
1211 889 1289 939 cum
1307 886 1432 958 magna
1452 863 1600 934 militum

192 1001 228 1066 et
245 992 399 1088 peditum
414 991 596 1082 comitiva,
614 993 843 1088 personaliter
856 994 901 1065 ad
920 1001 1047 1065 terram
1067 993 1176 1089 ipsam
1194 1014 1332 1085 gressus
1345 999 1422 1062 tuos
1436 1012 1516 1061 cum
1531 991 1600 1060 les·

192 1117 338 1188 tinentia
352 1115 541 1208 direxisse,
560 1125 595 1188 et
608 1116 738 1190 ibidem
753 1116 835 1190 binc
850 1118 931 1191 inde
946 1118 1131 1210 diligenter
1147 1115 1328 1210 exquisitis
1351 1123 1388 1186 et
1406 1123 1508 1186 caute
1531 1135 1602 1206 que

192 1239 238 1315 ad
250 1241 422 1314 cautelam
445 1239 665 1313 servitiorum
685 1251 882 1314 nostrorum
905 1241 1125 1336 exquirenda
1154 1241 1322 1336 pensasti,
1343 1239 1512 1332 quosdam
1539 1238 1601 1332 qui

191 1366 401 1439 videbantur
422 1364 531 1457 magis
552 1387 628 1436 esse
647 1366 815 1462 suspecti,
841 1387 906 1461 per
918 1387 1084 1461 personas
1099 1365 1177 1460 capi
1194 1373 1367 1455 statuens,
1383 1364 1476 1458 ipsos
1495 1363 1601 1434 lacias

194 1511 273 1562 cum
291 1488 469 1582 diligentia
486 1487 673 1578 custodiri,
690 1498 789 1582 tuum
803 1490 932 1562 exinde
948 1489 1101 1562 studium
1120 1500 1155 1561 et
1168 1487 1372 1562 industriam
1389 1488 1602 1576 evidentem,

195 1633 263 1706 que
277 1612 369 1684 circa
383 1621 500 1684 nostre
513 1610 727 1684 celsitudinis
740 1624 966 1706 augmentum
984 1615 1019 1685 in
1035 1613 1140 1685 biset
1157 1613 1233 1684 aliis
1258 1622 1290 1683 te
1308 1632 1483 1707 apponere
1500 1612 1603 1706 plene

195 1736 455 1828 cognoscimus,
478 1757 549 1809 non
575 1737 748 1809 immerito
777 1739 1073 1810 commendamus.
1100 1739 1229 1810 Verum
1255 1759 1334 1808 cum
1364 1746 1434 1807 tam
1461 1746 1604 1830 propter

196 1860 378 1931 rebellium
396 1870 593 1932 nostrorum
612 1860 895 1955 depressionem,
917 1862 963 1933 ad
986 1883 1091 1955 quam
1115 1861 1289 1936 efficacius
1322 1859 1537 1932 inferendam
1568 1870 1603 1930 te

196 1977 389 2055 studiosum
407 1985 480 2056 lore
496 1984 670 2056 credimus
691 1994 726 2057 et
741 1995 935 2077 attentum,
957 2008 1061 2080 quam
1079 1996 1220 2083 propter
1236 1984 1389 2057 fidelium
1405 1996 1603 2057 nostrorum

197 2107 383 2178 salutarem
403 2106 656 2198 defensionem,
680 2109 806 2182 milites
826 2120 884 2182 tue
897 2111 1147 2203 jurisdictionis
1165 2111 1298 2183 dudum
1313 2109 1490 2204 impositos
1505 2108 1603 2201 equis

197 2238 232 2300 ct
246 2230 353 2300 armis
368 2231 529 2302 volumus
542 2252 617 2303 esse
631 2232 801 2324 munitos,
821 2234 869 2305 ita
882 2235 976 2326 quod
990 2257 1054 2330 per
1067 2234 1240 2307 delectum
1254 2254 1429 2305 armorum
1444 2242 1479 2304 et
1496 2251 1604 2324 equo·

197 2375 274 2424 rum
308 2355 448 2427 servitia
477 2367 595 2428 nostra
622 2379 694 2428 non
717 2368 921 2430 remaneant
946 2359 1166 2453 imperiecta3
1197 2356 1371 2430 devotioni
1400 2366 1459 2428 tue
1492 2355 1604 2450 preci·

197 2478 327 2574 piendo
351 2480 556 2553 mandamus
575 2493 748 2575 quatenus
770 2483 820 2556 sic
844 2484 1013 2555 instanter
1026 2505 1190 2579 procures
1203 2493 1239 2555 et
1255 2482 1361 2553 facias
1373 2481 1468 2574 quod
1483 2501 1605 2552 omnes

200 2613 257 2675 tue
274 2605 507 2696 jurisdictioni
528 2606 694 2698 subJecti,
721 2605 781 2699 qui
806 2629 915 2701 equos
931 2609 1080 2680 retinere
1096 2607 1227 2680 debent
1243 2617 1277 2678 et
1291 2626 1403 2696 arma,
1418 2605 1487 2674 sint
1502 2604 1602 2699 ipsis,

199 2738 239 2799 ut
255 2729 439 2821 convenit,
462 2729 537 2801 sine
561 2752 657 2802 mora
675 2731 831 2825 qualibet
856 2731 1044 2826 preparati,
1071 2731 1116 2802 ad
1130 2739 1285 2802 nostrum
1300 2729 1477 2801 servitium
1491 2739 1605 2799 tecum

201 2850 421 2925 laudabiliter
433 2854 639 2949 processuri.
656 2855 768 2950 Super
782 2855 859 2926 aliis
883 2876 968 2927 vero
995 2876 1064 2949 que
1095 2854 1280 2950 scripsisti,
1299 2852 1466 2925 celsitudo
1487 2861 1605 2923 nostra

203 2976 386 3071 providere
398 2978 551 3069 curabit,
568 2987 670 3072 prout
685 2977 810 3052 honori
824 2991 942 3052 nostro
958 2979 1147 3051 viderimus
1163 2978 1339 3075 expedire.
1357 2979 1408 3048 Tu
1430 2985 1547 3048 autem
1570 2975 1606 3046 in

204 3099 255 3172 bis
277 3109 314 3173 et
336 3102 412 3174 aliis
435 3102 582 3174 servitiis
606 3102 751 3193 nostris,
770 3113 806 3174 et
819 3104 971 3175 maxime
987 3104 1079 3175 circa
1093 3102 1295 3194 diligentem
1313 3099 1504 3173 custodiam
1522 3098 1607 3170 civi·

205 3225 281 3297 tatis
298 3223 480 3317 Thaurini,
505 3226 620 3298 taliter
641 3227 842 3322 pervigilet
864 3227 1038 3299 studiosus
1057 3227 1234 3316 intendas,
1260 3224 1356 3318 quod
1370 3224 1444 3318 ipsa
1460 3243 1606 3318 operum

206 3356 325 3443 patens
346 3348 497 3422 efficacia
515 3350 551 3421 iu
577 3351 783 3422 excellentie
805 3361 924 3423 nostre
944 3350 1054 3424 oculis
1070 3360 1102 3422 te
1117 3352 1220 3444 juxta
1234 3349 1373 3421 solitum
1388 3346 1608 3419 commenda·

207 3471 308 3544 bilem
324 3483 552 3568 representet.

258 3965 528 4077 Fragmentum
557 3970 606 4054 de
632 3969 838 4054 rebellione
862 3981 900 4054 et
925 3970 1122 4055 obsidione
1146 3970 1324 4078 Parmae,
1352 3994 1399 4051 ex
1427 3963 1608 4075 scriptore
1651 3966 1801 4023 [mr-ino

214 4122 355 4182 coaevo.

288 4288 482 4370 (Exemplum
499 4307 515 4352 e
532 4291 568 4354 F.
588 4289 748 4354 Salimbeoi
765 4291 896 4355 Circuit.
912 4295 944 4354 ln
960 4291 1037 4353 Blbl.
1052 4294 1210 4370 llatlcana,
1225 4300 1258 4352 n·
1273 4297 1368 4368 726⁰,
1385 4298 1416 4349 8⁰
1430 4303 1608 4368 pergam.,a

325 4395 375 4456 lol.
392 4406 449 4459 aas
463 4405 543 4460 recto
553 4399 610 4460 ool.
626 4408 644 4458 a
659 4400 802 4478 usquead
814 4399 866 4461 tol.
878 4408 1043 4476 taenareo,
1059 4400 1173 4460 omlssln
1185 4402 1303 4458 tantum
1316 4395 1447 4472 locisqul
1458 4409 1519 4454 non
1532 4399 1610 4452 recto

251 4631 285 4704 ll)
301 4634 339 4691 llo
352 4634 498 4694 rebellione
512 4637 569 4696 sive
581 4643 655 4696 motu
665 4638 783 4696 civitatis
796 4637 919 4709 Taurini,
930 4637 981 4695 sub
995 4652 1066 4694 anno
1080 4635 1162 4707 salt,
1178 4635 1214 4693 cl.
1232 4633 1358 4697 oliuo.
1375 4631 1409 4690 de
1424 4629 1479 4691 reb.
1495 4631 1527 4688 io
1542 4629 1608 4687 ltcl.

223 4735 293 4803 Μ,
302 4748 331 4806 p.
344 4735 407 4807 ill,
421 4740 448 4792 ct
460 4749 531 4808 quae
542 4735 652 4810 nosipsi
668 4735 829 4809 monuimus,
843 4751 936 4811 supra,
951 4752 980 4809 p.
994 4738 1047 4793 585
1057 4739 1085 4793 ot
1094 4738 1150 4791 not.
1162 4737 1190 4790 t.
