4318 5904
800 646 1111 711 aunruauuuuA.
1605 651 1669 714 943

258 783 366 872 uum,
386 781 611 854 vicedomini
630 782 800 876 sigefredi
819 785 1010 879 Magantini
1027 782 1277 879 archiepiscopi
1299 782 1408 856 tocius
1428 783 1611 858 Germanie
1630 796 1666 858 et

256 907 372 980 Ytalie
387 907 680 981 archicancellarii
697 909 917 1006 infrascripti.

306 1033 419 1124 liujus
433 1032 484 1104 rei
504 1042 609 1105 testes
628 1041 710 1104 sunt
728 1058 737 1103 ε
754 1033 962 1107 Guttulanus
979 1033 1048 1106 dux
1063 1031 1110 1106 de
1129 1031 1331 1124 Graigonia,
1352 1033 1524 1106 Robertue
1547 1054 1665 1107 comes

259 1154 304 1228 de
317 1154 449 1246 lindio,
466 1155 670 1228 Guillclmus
690 1155 735 1228 de
752 1157 908 1231 Calvaria
922 1178 1057 1247 comes,
1076 1155 1302 1251 Raymundus
1326 1177 1442 1228 comes
1463 1156 1509 1228 de
1530 1157 1663 1247 Rudio,

259 1279 408 1351 Ubertus
424 1278 647 1351 Pelavixinus
660 1279 828 1372 marchio,
847 1280 977 1353 Boxius
991 1280 1035 1353 de
1050 1279 1215 1370 Dovaria,
1229 1278 1397 1352 Henricus
1414 1279 1460 1351 de
1475 1281 1665 1354 lambertie

259 1401 306 1474 de
322 1402 495 1492 Ferraria,
511 1403 735 1476 Ravenninus
757 1403 802 1476 de
824 1405 990 1496 Dovaria,
1016 1402 1218 1477 Gandionus
1242 1403 1317 1494 ejus
1337 1403 1455 1494 irater,
1477 1402 1550 1494 Aoo
1571 1424 1665 1475 mar·

259 1525 357 1616 chio,
383 1527 459 1618 ugo
484 1527 619 1622 Lupus,
641 1526 826 1600 Anselmus
846 1527 890 1601 de
916 1527 1070 1620 Stringut
1086 1525 1138 1624 (o)
1168 1527 1294 1618 regalis
1316 1527 1396 1598 aule
1422 1527 1661 1617 mariscalcus,

258 1649 481 1744 Montelupus
496 1650 541 1721 de
559 1650 711 1741 Ulmelo,
734 1651 892 1742 Ycilinus
908 1651 953 1724 de
970 1652 1146 1741 Romano,
1162 1649 1317 1722 Ubaldus
1336 1650 1381 1722 de
1396 1649 1601 1723 Carlaxariis
1617 1651 1663 1726 de

258 1771 502 1864 lectobelano,
519 1773 692 1846 Iohannes
705 1785 741 1847 et
754 1773 919 1847 Albertus
933 1776 1077 1847 comites
1091 1786 1127 1848 et
1141 1777 1281 1867 iratres,
1299 1782 1335 1845 et
1349 1773 1407 1846 alii
1422 1776 1660 1869 quamplures.

308 1895 452 1987 Signum
485 1918 609 1970 manus
640 1897 813 1970 Frederici
843 1898 1006 1989 secundi,
1031 1897 1248 1994 imperatoris
1272 1895 1499 1972 invictissimi.
1526 1895 1662 1994 (licoo-

257 2017 442 2113 promoto.)

307 2142 382 2235 Ego
404 2141 574 2215 Corradus
595 2141 783 2217 Mathensis
808 2145 1008 2242 episcopus,
1033 2143 1220 2240 imperialis
1233 2146 1313 2217 aule
1326 2144 1565 2235 cancellarius,
1586 2143 1663 2216 vice

258 2265 392 2340 domini
420 2267 589 2360 Sigelredi
617 2269 809 2363 lllaguntini
840 2268 1090 2366 archiepiscopi
1125 2270 1235 2342 tocius
1264 2267 1447 2340 Germanic
1483 2276 1520 2340 et
1548 2266 1663 2340 Ytalie

259 2389 568 2480 archicancellarii,
587 2392 787 2484 recognovi.

307 2512 395 2585 Acta
418 2523 500 2586 sunt
517 2514 584 2588 hec
603 2536 698 2587 anno
717 2516 764 2587 ab
786 2516 1024 2589 incarnatione
1047 2515 1185 2590 Domini
1214 2514 1396 2588 millesimo
1423 2513 1663 2586 ducentesimo

259 2637 525 2731 quadragesimo
553 2639 695 2732 quinto,
725 2639 913 2712 indictione
938 2650 1080 2734 quarta,
1109 2646 1277 2732 regnante
1308 2635 1450 2710 domino
1479 2637 1663 2710 Frederico

258 2760 414 2834 secundo
427 2763 659 2835 Romanorum
681 2762 889 2858 imperatore
904 2762 1169 2854 gloriosissimo,
1186 2781 1278 2833 anno
1297 2770 1333 2833 et
1348 2758 1446 2851 regni
1469 2759 1544 2850 ejus
1564 2758 1661 2851 vige·

259 2883 348 2956 simo
360 2893 479 2975 sexto,
497 2885 633 2981 imperii
654 2906 740 2957 vero
757 2885 924 2978 vigesimo
944 2885 1115 2976 secundo,
1137 2885 1350 2958 Hierusalem
1376 2892 1412 2956 et
1431 2881 1544 2955 Sicilie
1563 2901 1660 2975 rege.

263 3059 554 3082 ........
576 3030 702 3102 prrmo.

307 3131 395 3204 Data
409 3133 551 3224 Parme,
564 3134 608 3205 111
620 3133 710 3229 ydus
724 3133 857 3223 marcii,
871 3155 934 3230 per
945 3155 1070 3206 manus
1084 3131 1221 3205 Henrici
1235 3129 1460 3228 protonotarii
1476 3127 1664 3224 imperialis

258 3256 351 3328 aule.

306 3379 411 3452 Anno
435 3379 574 3452 Domini
596 3379 780 3452 millesimo
807 3379 1045 3452 ducentesimo
1071 3379 1307 3471 octuagesimo
1332 3397 1443 3468 nono,
1473 3376 1662 3451 indictione

258 3503 430 3595 secunda,
449 3502 505 3576 die
520 3503 688 3594 vigesimo
707 3503 862 3577 secundo
878 3504 1029 3576 intrante
1045 3503 1191 3593 marcio,
1208 3523 1288 3574 cnm
1304 3523 1447 3597 presens
1462 3503 1664 3597 exemplum

258 3636 435 3721 sumptum
457 3647 505 3698 ex
528 3627 686 3719 originali
713 3647 797 3718 suo,
825 3627 965 3722 publico
988 3626 1151 3699 videlicet
1164 3633 1199 3698 et
1213 3626 1410 3699 auctentico
1434 3625 1664 3698 instrumento

257 3747 393 3842 integro
416 3758 452 3822 et
475 3750 676 3846 incorrupto
692 3758 728 3822 et
744 3750 779 3820 in
798 3751 894 3823 nulla
916 3749 970 3822 sui
994 3759 1092 3846 parte
1115 3750 1239 3822 vitioso
1262 3758 1297 3821 et
1317 3749 1392 3822 sine
1410 3749 1664 3845 vituperatione

257 3873 374 3966 aliqua
400 3884 590 3970 apparente
621 3896 781 3947 necnon
804 3875 951 3967 sigillato
979 3873 1091 3968 sigillo
1116 3895 1224 3947 aureo
1247 3875 1391 3947 Cesareo
1415 3873 1590 3969 pendente
1616 3871 1665 3946 ad

257 3999 436 4070 cordulam
470 3999 636 4091 sericam,
666 3998 702 4070 in
730 4000 830 4092 cujus
865 3998 952 4071 lacie
982 3999 1094 4094 prima
1123 3999 1252 4071 inserta
1279 3999 1443 4091 majestas
1475 3995 1663 4092 imperialis

257 4120 389 4194 domini
403 4121 568 4194 Friderici
585 4121 737 4193 sedentis
751 4122 787 4192 in
804 4121 929 4194 throno
943 4131 978 4194 et
992 4142 1128 4193 ramum
1144 4121 1205 4194 lilii
1220 4121 1257 4192 in
1275 4119 1391 4193 destra
1404 4141 1511 4192 manu
1527 4119 1662 4195 haben·

259 4245 319 4336 tis,
342 4265 390 4318 ex
406 4245 474 4317 alio
490 4267 575 4318 vero
595 4247 703 4318 latere
725 4246 891 4341 scriptum
915 4255 967 4318 est
984 4246 1125 4318 araur.
1148 4247 1189 4320 D.
1205 4255 1297 4338 prot.
1317 4246 1437 4339 imper.
1458 4245 1555 4316 Rom.
1577 4256 1609 4317 ct
1627 4269 1659 4323 r.

258 4378 436 4461 coprutru,
446 4368 493 4439 ab
508 4368 727 4464 infrascripto
740 4369 882 4442 domino
894 4369 1086 4442 Thomaxio
1101 4378 1136 4441 et
1148 4368 1374 4464 inlrascriptis
1389 4367 1535 4440 testibus
1550 4369 1661 4442 tabel-

257 4490 407 4564 lionibus
422 4491 648 4588 introspecto,
664 4493 883 4566 considerato
899 4503 936 4565 ct
949 4494 1038 4586 viso,
1055 4493 1174 4565 luisset
1192 4513 1309 4564 coram
1325 4492 1467 4565 domino
1483 4492 1662 4567 Anthonio

297 4650 341 4731 (a)
362 4649 424 4724 Sle,
434 4667 488 4730 pro
501 4647 537 4710 de
546 4651 711 4732 Μίκρου.
725 4651 855 4712 Nomina
867 4667 937 4712 voro
949 4654 1070 4712 testium
1082 4651 1167 4712 loede
1179 4651 1286 4711 mutila
1297 4667 1348 4713 ren
1358 4651 1664 4732 poumndnrbtrrtnm

254 4757 454 4820 lmudnlentcr
466 4761 644 4837 composita,
661 4761 812 4821 restltnere
825 4773 1075 4837 supervacaneam
1087 4756 1291 4838 arbltramur.)
