4306 5914
512 605 574 666 eso
1013 606 1230 670 varnunvcr
1255 607 1433 670 sscuum
1735 611 1819 690 [aa.
1837 612 1926 675 tata.

510 740 724 831 mercedem,
734 742 969 814 verumetiam
978 742 1061 838 ipsis
1077 743 1310 839 insuperabile
1324 744 1548 842 protectionis
1558 756 1594 818 et
1605 745 1817 820 detensionis
1829 749 1928 822 anxi·

510 866 596 938 lium
614 866 650 938 in
668 865 765 940 nullo
785 866 835 938 eis
853 865 1054 938 defuturum
1070 867 1217 940 articulo
1233 869 1453 963 pollicemur,
1473 890 1553 941 cum
1569 869 1715 962 dignum
1731 871 1776 942 sit
1791 893 1852 945 eos
1867 874 1927 967 qui

508 989 555 1062 ad
573 991 789 1086 propositum
810 990 971 1063 omnibus
994 992 1125 1064 bonum
1151 993 1253 1086 primi
1267 1002 1557 1089 procurrerentet
1570 993 1741 1089 produces
1756 995 1922 1088 aliorum,

509 1114 701 1208 potioribus
727 1125 926 1187 eternorum
952 1124 988 1187 et
1011 1116 1251 1210 temporalium
1272 1117 1414 1211 premiis
1438 1117 1625 1212 preveniri.
1647 1119 1720 1190 Nec
1739 1129 1926 1193 vereantur

510 1239 559 1310 illi
578 1240 638 1332 qni
655 1261 692 1310 se
711 1238 923 1331 subjecerint
938 1239 1104 1312 mandato
1121 1239 1240 1312 matris
1253 1240 1406 1312 Ecclesia
1420 1239 1456 1311 in
1470 1239 1627 1333 ejusdem
1641 1242 1681 1313 F.
1701 1242 1759 1313 vel
1777 1239 1928 1316 liliorum

510 1365 586 1457 ejus
599 1363 792 1436 dominium
807 1385 844 1436 se
863 1363 943 1436 ullis
957 1365 1171 1458 temporibus
1186 1363 1418 1456 reducendos,
1434 1385 1514 1436 cum
1531 1385 1652 1437 eorum
1668 1365 1863 1439 libertatem
1878 1367 1928 1439 eis

509 1497 549 1561 ut
565 1488 696 1560 dictum
714 1498 768 1560 est
787 1487 1058 1582 impendendam
1076 1488 1212 1560 anobis
1236 1487 1425 1561 defendere
1445 1489 1519 1560 Deo
1533 1490 1680 1582 juvante
1698 1489 1780 1561 totis
1794 1489 1928 1562 viribus

509 1612 744 1684 intendamus.
766 1613 861 1684 Licet
881 1613 974 1684 enim
997 1612 1099 1685 dolus
1122 1613 1198 1707 ejus
1217 1612 1410 1685 tenebrosis
1428 1612 1609 1685 fraudibus
1630 1613 1825 1702 institutuS,
1841 1614 1925 1686 dum

510 1737 592 1810 olim
608 1738 779 1809 bonamm
799 1738 993 1834 specierum
1009 1737 1172 1833 ymagine
1184 1746 1372 1829 tegeretur,
1383 1737 1569 1833 puritatem
1582 1737 1734 1810 Ecclesia
1745 1739 1926 1810 ambulan-

510 1863 554 1934 tis
569 1863 605 1933 in
621 1864 698 1933 luce
715 1883 798 1958 sepe
812 1861 990 1952 deluserit,
1008 1862 1074 1934 sub
1088 1861 1234 1934 mentito
1249 1861 1344 1957 pacis
1357 1862 1478 1934 osculo
1494 1861 1658 1933 membris
1678 1863 1753 1954 ejus
1771 1883 1926 1934 morsum

510 1986 651 2058 lesionis
673 1984 840 2076 infigens,
862 1985 912 2057 sic
936 1995 1053 2056 mmen
1072 1986 1147 2078 jam
1170 1985 1321 2057 innotuit
1344 1986 1481 2058 detecta
1503 1987 1654 2058 nocendi
1675 1987 1872 2078 malignitas
1889 1987 1927 2060 in

508 2119 650 2183 versuto
680 2122 716 2182 et
740 2109 986 2206 supplantandi
1008 2110 1161 2182 versutia
1189 2111 1225 2180 in
1251 2110 1402 2202 maligno
1427 2109 1521 2203 quod
1550 2109 1596 2182 da
1622 2118 1739 2182 cetere
1765 2111 1925 2184 camdem

508 2234 696 2308 Ecclesiam
717 2254 822 2327 quam
840 2232 1069 2304 reddiderunt
1086 2232 1329 2326 preteritorum
1344 2254 1488 2304 casuum
1505 2233 1744 2327 experimenta
1766 2233 1927 2307 cautei-

509 2359 697 2451 mam,ulla
712 2357 903 2453 penitentie
917 2353 1024 2446 lictio,
1040 2357 1111 2427 ulla
1123 2355 1326 2428 humilitatis
1339 2355 1513 2428 simulatio
1525 2356 1721 2428 fallerenon
1733 2356 1928 2447 valebit,ut

508 2484 609 2555 ruina
625 2491 819 2578 prostratus
837 2480 882 2552 de
899 2479 1049 2551 culmine
1061 2479 1249 2575 imperialis
1263 2489 1298 2552 et
1312 2481 1398 2572 regii
1412 2481 1625 2576 principatus
1638 2481 1756 2574 aliquo
1770 2481 1928 2555 remedio

508 2609 555 2681 ad
573 2605 756 2702 pristinum
775 2605 899 2676 solium
913 2615 1106 2699 reparetur.
1117 2604 1251 2676 Scimus
1266 2604 1396 2699 qnippe
1410 2605 1505 2697 quod
1522 2605 1558 2677 in
1574 2627 1793 2677 communem
1806 2627 1928 2678 casum

509 2739 706 2822 resurgeret
729 2750 835 2822 quem
854 2728 939 2821 justi
961 2727 1084 2820 judicii
1109 2749 1256 2800 censura
1282 2729 1426 2821 dejecit,
1451 2750 1517 2801 nec
1541 2739 1659 2824 posset
1674 2729 1779 2801 statui
1793 2730 1928 2824 absque

507 2853 732 2926 destitutione
745 2853 933 2924 multorum
950 2852 1034 2924 etin
1048 2851 1227 2946 proprium
1239 2852 1421 2924 moliretur
1435 2852 1581 2925 exitium
1594 2854 1750 2946 quisquis
1762 2875 1928 2949 reparare

509 2987 694 3074 temptaret
709 2976 864 3049 omnium
881 2976 988 3048 exitia
1006 2977 1218 3049 molientem.
1237 2978 1383 3073 Propter
1399 2978 1495 3072 quod
1519 2978 1564 3050 de
1585 2978 1748 3052 cordibus
1768 2978 1927 3052 fidelium

508 3103 621 3174 omnis
632 3101 791 3174 hesitatio
808 3101 1023 3173 titubationis
1035 3101 1201 3174 abscedat
1212 3123 1300 3196 quos
1314 3101 1406 3174 idem
1421 3103 1459 3174 F.
1474 3103 1520 3175 de
1535 3125 1597 3174 sue
1611 3103 1658 3176 ad
1668 3101 1836 3176 bonorem
1848 3125 1929 3198 pcr-

508 3227 619 3299 ditum
646 3224 934 3299 reconciliationis
948 3225 1111 3320 opinione
1128 3226 1323 3320 suspendit,
1340 3227 1423 3319 qnia
1435 3227 1606 3319 judicium
1621 3228 1685 3299 Dei
1700 3227 1796 3321 quod
1813 3227 1848 3298 in
1868 3249 1927 3300 re·

439 3439 440 3442 Ἴ
507 3350 747 3445 probationem
769 3350 878 3444 ipsius
898 3350 943 3420 de
964 3349 1083 3421 celesti
1105 3349 1227 3422 throno
1247 3373 1310 3447 per
1332 3372 1371 3423 os
1389 3351 1596 3424 universalis
1611 3352 1764 3425 Ecclesia
1780 3351 1926 3447 prodiit,

507 3475 624 3566 aliqua
639 3473 791 3546 humane
807 3472 1074 3568 dispensationis
1091 3473 1266 3546 miseratio
1286 3496 1357 3547 non
1379 3476 1528 3549 mutabit
1546 3484 1586 3548 ut
1605 3477 1756 3573 amplius
1776 3485 1928 3569 exurgat

468 3649 474 3654 -
507 3599 563 3670 vel
580 3608 738 3690 resurgat
754 3598 800 3669 ad
815 3598 1073 3692 imperatoriam
1094 3619 1157 3669 seu
1181 3599 1311 3690 regiam
1337 3601 1569 3691 majestatem.
1590 3600 1691 3674 Absit
1708 3600 1802 3673 enim
1823 3610 1865 3672 ut
1888 3600 1927 3674 in

507 3723 638 3818 populo
662 3721 849 3794 christiano
870 3730 1046 3817 sceptrum
1068 3721 1244 3814 regiminis
1260 3722 1405 3794 ulterius
1423 3735 1563 3797 maneat
1584 3724 1681 3820 apud
1698 3724 1796 3796 illum
1814 3725 1872 3797 vel
1888 3725 1927 3798 in

508 3846 684 3941 vipeream
701 3848 776 3938 ejus
791 3847 1017 3942 propaginem
1038 3847 1275 3935 transferatur,
1294 3869 1398 3940 quem
1420 3846 1510 3920 adeo
1532 3848 1704 3920 felicitatis
1725 3869 1788 3920 sue
1810 3859 1928 3922 tumor

508 3970 641 4042 inflavit
653 3969 749 4064 quod
765 3971 864 4062 quasi
881 3969 1009 4042 oblitus
1019 3969 1273 4042 exhominibus
1287 3993 1324 4043 se
1336 3971 1441 4042 fuisse
1455 3972 1676 4067 progenitum
1690 3971 1928 4044 inhumaniter

506 4096 589 4166 furit
609 4094 644 4165 in
668 4093 845 4184 homines,
872 4115 960 4187 quos
980 4093 1090 4165 lerina
1109 4095 1206 4166 rabie
1222 4095 1398 4190 perimens
1411 4107 1546 4168 utoves
1563 4118 1739 4184 escarum,
1757 4096 1793 4168 in
1810 4096 1927 4191 ipsum

507 4217 649 4291 effertur
664 4217 889 4289 humanitatis
905 4228 1083 4290 auctorem
1099 4218 1199 4310 cnjus
1215 4219 1400 4312 imaginem
1417 4221 1452 4291 in
1469 4221 1623 4292 humana
1638 4219 1785 4315 despicit
1801 4230 1836 4293 et
1852 4219 1925 4292 dis·

507 4340 1928 4437 sipatcreatura3propterquodquicumquojustitiamdiligit,gauderodebotquod

507 4467 544 4536 in
560 4465 695 4538 hostem
710 4465 866 4536 omnium
880 4474 1004 4561 estpro
1015 4465 1397 4539 omnibnsvindicatum
1408 4477 1443 4540 et
1453 4469 1703 4540 lavaremanus
1712 4467 1748 4539 in
1757 4467 1927 4560 sanguine

507 4595 711 4687 peccatoris.
731 4592 821 4663 Ecce
836 4590 993 4661 misimus
1011 4590 1086 4682 tibi,
1104 4589 1153 4662 lili
1169 4591 1418 4685 misericordie,
1439 4594 1556 4666 oleum
1576 4615 1647 4686 quo
1668 4591 1859 4664 demulceri
1877 4591 1926 4665 ad

507 4715 740 4790 obedientiam
756 4715 905 4788 humiles
926 4726 962 4787 et
981 4715 1101 4786 unum
1120 4715 1313 4790 severitatis
1331 4739 1402 4811 quo
1420 4718 1608 4815 compungi
1629 4716 1783 4790 debeant
1800 4724 1925 4790 contu·
