4310 5908
248 600 348 663 1111111.
364 599 410 682 9.]
694 599 892 664 HISTORIA
916 602 1214 668 ntrtottttvtca
1593 606 1655 670 809

250 723 336 808 ulios
356 717 553 808 succe'ssive
573 733 639 806 sub
655 755 746 830 pena
762 737 1013 812 benedictionis
1028 748 1146 814 nostre
1167 738 1335 812 tenaciter
1352 739 1513 812 volumus
1533 741 1655 814 obser·

250 860 344 950 vari3
365 858 520 952 alioquin
540 857 734 930 hereditate
753 871 870 934 nostra
888 885 958 935 non
983 865 1170 956 gaudeant.
1190 863 1228 935 ld
1253 873 1369 934 autem
1393 861 1554 936 fidelibus
1572 887 1654 938 nos·

252 983 314 1055 tris
336 981 554 1078 presentibus
574 989 610 1053 ct
630 983 838 1056 1111111111)
856 997 1073 1060 sacramento
1093 986 1268 1060 fidelitatis
1286 1007 1356 1079 quo
1380 987 1481 1060 nobis
1496 997 1532 1060 et
1554 987 1656 1062 herc-

252 1106 355 1179 dibus
369 1105 496 1179 nostris
512 1114 688 1198 tenentur,
706 1106 918 1202 injungimus
939 1119 981 1182 11
1001 1111 1157 1207 predicta
1177 1110 1293 1184 omnia
1309 1109 1440 1182 illibata
1462 1119 1603 1183 teneant
1620 1123 1657 1183 et

252 1231 452 1303 observent.

301 1329 447 1430 Prcsens
463 1362 579 1426 autem
599 1361 843 1427 testamentum
860 1365 1018 1430 nostmm
1038 1369 1075 1431 et
1090 1357 1248 1430 ultimam
1267 1357 1481 1430 voluntatem
1502 1367 1655 1430 nostram

252 1459 363 1571 quam
376 1477 483 1548 robur
496 1475 667 1548 firmitatis
682 1479 843 1550 volumus
858 1481 1030 1572 obtinere,
1047 1501 1111 1577 per
1125 1480 1319 1576 predictum
1337 1479 1540 1571 magistrum
1552 1479 1655 1554 Nico·

253 1600 472 1687 transcribi
495 1609 532 1674 et
546 1600 646 1692 signo
668 1611 787 1674 sancte
809 1605 920 1676 crucis
944 1605 1084 1700 proprie
1109 1625 1233 1676 manus
1255 1613 1390 1692 nostre,
1416 1603 1529 1697 sigillo
1551 1604 1654 1677 etiam

253 1733 372 1798 nostro
389 1734 424 1796 11
439 1723 673 1818 predictorum
691 1726 1001 1823 subscriptionibus
1015 1727 1180 1819 jussimus
1195 1727 1399 1798 communiri
1413 1725 1477 1822 (1).

300 1847 427 1920 Actum
449 1847 544 1942 apud
561 1848 797 1920 Florentinum
816 1850 853 1921 in
872 1851 1093 1945 capitanata,
1110 1871 1222 1940 anno,
1246 1872 1387 1942 mense,
1410 1850 1467 1922 die
1489 1860 1524 1921 et
1544 1850 1655 1924 indic·

254 1972 347 2044 tione
367 1971 562 2067 premissis,
577 1993 670 2045 anno
689 1972 826 2070 imperii
845 1974 955 2046 nostri
975 1974 1145 2047 tricesimo
1162 1974 1333 2064 secundo,
1352 1974 1451 2065 regni
1467 1975 1656 2047 Jerusalem

251 2095 417 2169 vicesimo
432 2105 570 2188 octavo,
588 2096 688 2188 regni
705 2097 819 2170 Sicilie
835 2098 1122 2192 quinquagesimo
1140 2099 1252 2193 primo
1266 2095 1354 2194 (sic).

301 2219 327 2312 †
351 2221 425 2314 Ego
451 2219 645 2292 Fridericus
671 2222 865 2312 secundus,
896 2221 1014 2295 divina
1045 2222 1183 2294 favente
1215 2222 1397 2294 clementia
1424 2222 1656 2294 Romanorum

253 2343 440 2439 imperator
454 2365 592 2439 semper
606 2355 787 2436 augustus,
803 2346 1017 2418 Hierusalem
1031 2355 1067 2418 et
1080 2347 1192 2418 Sicilie
1207 2367 1285 2439 rex,
1304 2347 1382 2419 diro
1394 2355 1429 2418 11
1438 2345 1576 2418 declaro
1591 2345 1657 2418 boc

254 2468 358 2540 luisse
377 2476 412 2539 11
430 2490 505 2540 esse
529 2489 646 2539 meum
665 2469 818 2539 solemne
843 2477 1086 2542 testamentum
1109 2491 1293 2563 meamque
1315 2470 1472 2542 ultimam
1494 2472 1657 2542 volunta·

255 2599 338 2681 tem,
355 2602 471 2664 actum
488 2602 524 2663 et
538 2592 703 2686 scriptum
722 2591 767 2663 de
782 2593 851 2663 mei
867 2592 1009 2683 ordine,
1029 2594 1209 2666 voluntate
1226 2601 1261 2665 11
1278 2594 1443 2666 mandato
1458 2613 1521 2689 per
1534 2615 1658 2664 manus

254 2714 409 2806 magistri
433 2714 566 2786 Nicolai
583 2715 627 2787 de
648 2715 844 2788 Brundusio
867 2717 997 2811 publici
1022 2717 1215 2789 tabellionis
1232 2717 1339 2806 curie,
1366 2738 1407 2788 ac
1420 2718 1456 2788 in
1482 2717 1658 2813 presentia

255 2837 530 2932 supradictorum
546 2848 582 2911 11
598 2838 894 2933 infrascriptomm
911 2841 1049 2912 testium
1072 2850 1267 2914 nostrorum
1287 2839 1459 2930 fidelium,
1478 2861 1566 2934 quos
1580 2861 1656 2911 om-

255 2961 357 3034 nibus
373 2962 536 3058 predictis
551 2963 792 3035 mandavimus
809 2965 994 3055 interesse;
1010 2986 1052 3036 ac
1070 2965 1106 3035 in
1122 2964 1228 3036 fidem
1241 2963 1396 3036 omnium
1412 2963 1657 3058 premissorum

254 3106 360 3158 manu
387 3087 526 3182 propria
548 3086 794 3160 subscribimus
822 3097 1012 3181 nostroque
1043 3089 1144 3162 solito
1168 3088 1336 3184 imperiali
1365 3097 1401 3160 et
1424 3088 1521 3181 regio
1545 3087 1656 3179 sigillo

254 3208 479 3302 signavimus.

303 3326 329 3417 †
353 3330 426 3420 Ego
445 3329 616 3401 berardus
634 3329 912 3425 archiepiscopus
931 3331 1195 3402 Panormitanus
1219 3341 1359 3423 rogatus
1386 3331 1561 3425 premissis
1582 3352 1658 3401 om·

255 3452 357 3524 nibus
372 3452 530 3542 interlui,
549 3473 655 3524 manu
673 3454 813 3549 propria
829 3475 885 3526 me
905 3454 1093 3549 subscripsi
1116 3476 1158 3526 ac
1181 3455 1293 3547 sigillo
1310 3453 1477 3549 imperiali
1502 3465 1537 3526 et
1561 3455 1658 3547 regio

256 3576 404 3670 signavi.

303 3699 329 3789 1
353 3701 427 3792 Ego
453 3696 661 3797 [Bertoldus]
692 3701 846 3773 marchio
867 3701 911 3773 de
927 3702 1127 3792 Hoemburg
1148 3711 1288 3793 rogatus
1312 3721 1455 3797 presens
1471 3701 1536 3792 lui,
1551 3723 1656 3773 manu

255 3825 393 3920 propria
407 3824 593 3919 subscripsi
610 3825 790 3918 sigilloque
808 3825 977 3920 imperiali
992 3847 1047 3896 me
1064 3825 1209 3916 signavi.

294 4051 332 4124 (l)
344 4051 1052 4126 11111111111111111111111111111111
1065 4051 1206 4109 reserenda
1217 4057 1260 4109 est
1272 4051 1350 4110 lectio
1363 4066 1444 4122 quam
1457 4067 1489 4106 ex
1503 4051 1565 4108 cod.
1576 4051 1658 4108 Vati-

254 4162 322 4205 cano
335 4152 405 4207 tuat
418 4148 538 4206 exhibuit
549 4149 682 4220 Pertzius,
697 4149 740 4206 his
751 4149 842 4208 verbis
858 4169 865 4206 :
881 4149 1035 4207 «lubentes
1050 4155 1079 4206 11
1091 4149 1266 4207 decernentes
1278 4165 1311 4205 ex
1329 4147 1486 4205 auctoritate
1497 4147 1575 4204 nobis
1589 4145 1659 4206 avite

255 4259 383 4304 concessa
400 4246 472 4319 quod
487 4246 551 4304 111111
567 4251 757 4304 testamentum
771 4245 841 4302 inter
856 4245 925 4302 filice
942 4244 1099 4302 etheredus
1122 4251 1228 4302 nostros
1249 4244 1285 4300 sit
1307 4243 1350 4300 lex
1370 4259 1386 4300 a
1406 4248 1497 4300 nostra
1519 4243 1660 4315 maiestate

256 4345 425 4416 1111111111,
440 4350 467 4402 11
485 4345 556 4417 quod
569 4345 637 4416 juris
648 4344 732 4402 robur
742 4343 815 4402 omni
829 4349 948 4416 tempore
959 4344 1109 4400 testamenti
1122 4347 1225 4412 teneat,
1240 4341 1398 4400 mandantes
1411 4346 1440 4397 nt
1453 4340 1659 4398 contradictores

254 4440 333 4514 hujus
342 4441 383 4500 rei
393 4441 484 4499 ultimo
498 4441 627 4516 supplicio
640 4447 767 4514 tanquam
779 4439 857 4498 nobis
872 4438 988 4498 rebelles
1003 4445 1032 4496 et
1048 4440 1197 4512 proditores
1215 4439 1366 4497 omnimodo
1379 4438 1556 4496 vindicentur.
1571 4438 1660 4508 Quare

254 4552 304 4596 nos
316 4537 481 4609 Fridericus,
498 4540 678 4596 Romanorum
693 4539 837 4611 imperator
851 4542 879 4594 et
890 4552 997 4610 sempor
1016 4543 1154 4609 augustus,
1168 4537 1317 4594 Jerusalem
1331 4544 1359 4592 11
1376 4537 1464 4594 Sicilie
1480 4553 1542 4606 rex,
1556 4535 1590 4593 ad
1604 4551 1660 4592 ma·

252 4633 339 4705 jerem
351 4633 506 4692 firmitatem
519 4641 547 4692 et
556 4636 691 4694 cautelam
702 4634 754 4692 hec
768 4634 844 4707 signo
856 4637 947 4691 sancte
963 4633 1053 4690 crucis
1062 4634 1177 4708 propriis
1187 4633 1311 4692 manibus
1324 4633 1511 4706 imposuimus,
1525 4633 1587 4706 quia
1600 4633 1660 4706 plus

253 4731 345 4792 vivere
358 4749 412 4792 nnn
426 4733 559 4791 valemus.
574 4753 587 4788 1
