4352 5940
219 691 321 749 lnnrcr.
336 687 383 765 6.]
672 681 869 746 HISTORIA
892 680 1186 743 nlutollaulca
1569 676 1631 738 603

224 833 292 894 tem
310 829 346 894 et
362 818 529 916 quicquid
546 826 662 914 potest
678 818 813 890 servicii
831 828 866 890 et
880 817 1034 890 honoris.
1055 817 1110 889 Ex
1127 814 1296 888 relatione
1311 814 1465 888 veridica
1489 815 1629 888 nuntio·

223 967 301 1016 rum
324 964 438 1039 nuper
458 941 674 1015 certitudinis
694 941 934 1038 experimento
957 940 1160 1033 collegimus
1185 939 1280 1035 quod
1305 939 1492 1035 imperator
1514 947 1633 1011 noster

223 1069 332 1143 hostis
345 1079 381 1140 et
394 1068 531 1140 emulus
550 1066 701 1138 intendit
719 1065 755 1136 in
776 1067 892 1137 lutura
912 1065 1005 1137 veris
1024 1065 1190 1160 temperie
1211 1064 1365 1136 collectis
1378 1063 1509 1136 viribus
1526 1062 1631 1135 undi-

224 1214 292 1288 qne
319 1193 366 1266 ad
395 1191 612 1264 obsidionem
641 1199 759 1263 noslre
791 1190 939 1262 civitatis
968 1189 1144 1281 ingentem
1177 1187 1371 1260 exercitum
1399 1208 1631 1282 congregare,

225 1337 373 1410 cumque
377 1368 630 1389 .......
660 1353 670 1386 1.
702 1369 711 1386 .
739 1314 875 1409 previsa
887 1315 1005 1407 J'acula
1024 1314 1137 1384 minus
1152 1311 1299 1385 afferant
1315 1312 1471 1401 lesionis,
1487 1311 1631 1383 univer·

224 1443 360 1514 sitalem
373 1451 525 1512 vestram
538 1461 585 1511 ex
598 1438 716 1511 ledere
727 1460 797 1534 quo
811 1447 970 1510 tenemur
983 1437 1190 1531 requirimus
1206 1446 1241 1509 et
1256 1446 1411 1508 ortamnr
1421 1445 1458 1508 et
1469 1457 1517 1507 ex
1528 1435 1635 1508 dilec-

226 1565 328 1638 tionis
342 1564 484 1636 vinculo
501 1583 571 1655 quo
588 1561 770 1656 jungimur
789 1561 1017 1658 deprecamur
1031 1571 1202 1654 quatenus
1218 1561 1267 1633 sic
1285 1560 1390 1633 armis
1408 1569 1443 1633 et
1457 1561 1555 1654 equis
1570 1581 1634 1633 vos

226 1689 423 1786 premunire
436 1687 550 1759 velitis
566 1687 662 1780 quod
678 1685 724 1759 ad
741 1687 999 1779 requisitionem
1016 1694 1273 1776 nostram,cum
1289 1685 1481 1780 expediens
1498 1693 1635 1778 tempus

226 1814 340 1904 luerit,
353 1813 428 1884 sine
444 1811 610 1885 dilatione
626 1811 743 1904 aliqua
758 1811 824 1883 sub
841 1811 948 1883 lelicis
966 1812 1102 1883 fortune
1114 1811 1230 1884 omine
1246 1831 1326 1882 cum
1342 1809 1476 1904 potenti
1492 1808 1635 1880 brachio

226 1937 445 2026 succurratis,
465 1945 506 2007 ut
520 1935 644 2008 vestris
660 1946 695 2007 et
708 1934 855 2007 aliorum
871 1935 1060 2006 amicornm
1081 1946 1279 2007 nostrorum
1295 1933 1427 2006 viribus
1443 1931 1634 2005 circumllui

226 2072 346 2135 contra
361 2061 505 2133 hostiles
521 2061 670 2132 insultus
690 2059 901 2131 fortitudinis
917 2059 1074 2154 spiritum
1089 2068 1305 2131 assumentes
1319 2056 1477 2130 insistere
1491 2057 1635 2129 viriliter

226 2187 415 2259 valeamus.

253 2297 270 2334 4

696 2336 875 2428 Responsio
900 2334 987 2429 qued
1013 2334 1162 2406 libenter.

275 2483 474 2579 Significala
493 2485 684 2557 litterarum
703 2494 896 2564 vestremm
915 2484 1033 2558 debito
1051 2484 1183 2557 honore
1203 2485 1426 2580 recipientes,
1445 2486 1491 2559 ad
1513 2488 1635 2561 cadem

228 2611 342 2684 taliter
355 2609 606 2704 respondemus
619 2609 715 2702 quod
729 2609 876 2680 faciente
892 2609 952 2680 illo
968 2609 1028 2703 qui
1042 2609 1145 2681 docet
1157 2609 1203 2682 ad
1219 2611 1349 2681 bellum
1361 2621 1495 2683 vestros
1509 2610 1635 2703 digitos

229 2747 264 2808 et
277 2735 324 2809 ad
341 2733 451 2829 prelia
467 2754 591 2804 manus
606 2742 754 2822 vestras,
775 2733 887 2804 taliter
903 2732 1014 2822 vobis,
1033 2733 1129 2826 quod
1144 2734 1246 2823 absit,
1267 2733 1350 2805 dum
1375 2745 1510 2829 tempus
1525 2735 1634 2808 affue-

229 2860 285 2950 rit,
300 2878 542 2930 succurremus
566 2877 645 2927 cum
673 2856 903 2928 ducentorum
925 2856 1081 2950 peditum
1105 2867 1140 2928 et
1162 2857 1311 2928 militum
1337 2858 1519 2930 comictiva
1539 2859 1635 2953 qnod

228 2983 359 3057 nedum
376 2981 422 3052 ab
439 2979 555 3052 hostili
576 2979 731 3074 nequitia
746 3002 810 3052 vos
827 2979 916 3053 tueri
930 2981 1107 3075 poteritis,
1123 3002 1245 3053 verum
1265 3003 1345 3053 cum
1362 2981 1444 3076 ipsis
1460 2982 1495 3053 in
1512 3004 1636 3078 campo

229 3107 353 3179 martio
369 3103 546 3176 dimicare.

282 3633 491 3744 Raynerius
521 3631 681 3714 Sanctae
710 3631 850 3716 Mariae
881 3633 921 3713 in
958 3632 1184 3716 Cosmedino
1218 3632 1401 3730 diaconus
1432 3636 1636 3719 cardinalis

230 3765 313 3856 fuse
330 3776 462 3848 narrat
483 3765 676 3874 quomodo
699 3764 924 3848 Marcelinus
943 3766 1120 3847 dratinus
1147 3765 1346 3875 episcopus
1370 3766 1527 3876 jubente
1549 3769 1637 3852 Fri·

230 3899 356 3981 derico
374 3899 599 4006 imperatore
621 3923 644 3978 a
667 3895 863 3978 Saracenis
881 3897 1134 4004 ignominiose
1157 3925 1363 4008 suspensus
1391 3899 1522 4008 luerit,
1543 3903 1634 3986 vio-

230 4030 449 4140 lentamque
466 4055 596 4112 necem
615 4029 834 4112 Geracensis
858 4038 896 4110 et
915 4028 1174 4113 Celaludensis
1192 4032 1454 4141 episcoporum
1477 4061 1633 4119 memo-

229 4174 308 4270 rat,
326 4163 375 4262 in⁴
386 4174 594 4272 tyrannum
612 4161 769 4270 ejusque
787 4187 967 4271 sequaces
986 4162 1136 4246 acribus
1155 4163 1280 4246 uerbis
1298 4165 1480 4248 invectus.

311 4370 446 4451 (Edlder.
461 4371 566 4431 Mers.
580 4369 686 4448 Pure,
701 4371 778 4432 flat.
793 4371 863 4452 maj.
875 4369 1013 4452 Anqlor,
1028 4373 1067 4432 ad
1080 4390 1153 4434 ann.
1172 4381 1258 4452 1249,
1273 4393 1303 4453 p.
1315 4385 1387 4450 tto,
1404 4385 1472 4458 tlt,
1488 4385 1518 4439 et
1528 4382 1635 4456 partlm

348 4477 523 4554 Burnum,
533 4471 644 4535 Aonal.
657 4472 747 4536 recte
763 4477 801 4536 ed
814 4493 883 4536 ann.
900 4485 989 4553 1248,
999 4479 1017 4555 s
1028 4478 1109 4557 XX.)

278 4661 471 4757 llaynerius
485 4661 611 4735 Sancte
629 4663 736 4736 lllarie
755 4663 791 4733 in
808 4661 1015 4735 cosmedino
1031 4664 1199 4739 diaconus
1213 4669 1410 4763 cardinalis,
1422 4683 1489 4746 etc.
1499 4675 1636 4750 Grande

232 4787 421 4896 piaculum,
437 4785 586 4858 nefanda
603 4787 829 4882 presumpti0,
848 4786 957 4858 lerina
977 4789 1176 4884 crudelitas,
1196 4791 1390 4866 inauditum
1408 4799 1533 4891 scelus,
1551 4823 1635 4874 exe·
