4352 5940
518 620 580 686 590
1017 613 1234 678 releuaret
1258 611 1435 678 succum
1736 613 1820 694 [Αιιι.
1836 614 1926 680 lats.

568 751 790 853 [iridericus
800 747 887 850 ete]
898 751 1044 824 Litteras
1053 760 1188 822 vestras
1201 751 1303 824 solita
1315 745 1530 842 benignitate
1544 748 1740 843 recepimus
1754 750 1801 823 ab
1815 751 1931 824 excel·

520 879 627 952 lentia
641 885 761 950 nostra
776 875 977 971 suppliciter
992 873 1173 968 exigentes
1192 874 1357 968 quatinus
1372 893 1437 968 pro
1453 871 1642 944 liberandis
1657 871 1868 964 quibusdam
1882 895 1930 948 ax

521 1001 723 1080 concivibus
743 999 870 1073 vestris
889 997 1052 1073 fidelibus
1072 997 1217 1090 nostris,
1241 998 1303 1092 qui
1325 1007 1482 1093 tempore
1499 995 1613 1068 subite
1631 996 1831 1070 rebellionis
1845 999 1928 1070 Par·

521 1124 692 1198 mensium
711 1124 833 1196 Parme
852 1122 945 1217 capti
960 1130 1042 1194 sunt
1059 1131 1096 1194 et
1110 1121 1242 1193 carceri
1261 1119 1475 1210 detinentur,
1497 1127 1705 1192 exeontmm
1727 1127 1930 1216 competens

521 1246 566 1320 de
583 1245 729 1342 captivis
743 1267 864 1319 eorum
878 1267 968 1339 quos
981 1253 1102 1317 noster
1114 1263 1232 1318 carcer
1243 1242 1402 1333 includit,
1409 1240 1602 1317 concedere
1612 1241 1797 1335 benignius
1809 1241 1931 1336 digna-

521 1355 657 1448 remur.¹
671 1373 742 1445 Nos
765 1379 882 1444 autem
903 1370 963 1464 qui
986 1368 1092 1442 fidem
1114 1378 1268 1442 vestram
1290 1367 1501 1441 continuatis
1525 1367 1729 1462 experimur
1754 1367 1931 1461 obsequiis

521 1497 746 1588 fructuosam,
764 1494 1033 1591 supplicationes
1045 1503 1180 1566 vestras
1195 1492 1454 1566 admisissemus
1467 1499 1503 1563 et
1517 1490 1656 1582 meritc,
1668 1491 1767 1564 velut
1780 1491 1842 1586 qni
1855 1511 1930 1563 mu·

521 1619 624 1692 nibus
641 1617 779 1692 tractari
794 1617 994 1689 nocentium
1009 1617 1081 1712 pati
1098 1637 1171 1688 non
1184 1637 1368 1711 possumus
1381 1614 1585 1688 innocentes
1600 1623 1636 1686 et
1651 1613 1800 1686 carceris
1814 1613 1931 1687 subire

521 1742 725 1838 martyrium
740 1741 867 1834 quibus
882 1739 1119 1813 retributionis
1133 1740 1254 1833 augeri
1271 1739 1403 1836 premia
1419 1747 1635 1811 meruerunt.
1658 1738 1797 1811 Restitit
1814 1750 1930 1811 manen

522 1865 693 1941 voluntati
708 1876 826 1939 nostre
841 1864 1044 1954 necessitas,
1061 1883 1131 1957 que
1150 1863 1373 1937 manifestum
1395 1874 1431 1934 et
1453 1883 1601 1935 comune
1622 1861 1846 1935 commodum
1865 1861 1931 1935 dii·

522 1994 612 2064 terre
634 2013 696 2063 seu
719 1988 888 2084 impedire
909 1987 1168 2081 quodammodo
1188 2008 1235 2059 ex
1252 1985 1451 2079 hujusmodi
1468 1995 1589 2058 mutue
1604 1985 1819 2061 liberationis
1833 1985 1931 2059 initio

520 2114 718 2187 videbatur.
740 2113 826 2186 Cum
849 2112 942 2184 enim
965 2133 1012 2184 ex
1034 2111 1180 2207 captivis
1201 2109 1438 2183 Parmensium
1462 2129 1551 2204 quos
1568 2109 1615 2182 ad
1635 2109 1802 2182 indicium
1819 2107 1931 2184 uncis

520 2237 664 2310 victorie
684 2237 768 2310 belli
790 2235 890 2308 nobis
910 2235 1059 2331 primitie
1080 2235 1311 2330 protulerunt,
1330 2233 1506 2306 civitatem
1523 2231 1684 2306 eamdem
1701 2233 1793 2306 sicut
1806 2232 1931 2327 aliqui·

521 2361 587 2434 bus
608 2359 794 2454 opinamur
812 2359 960 2451 indiciis,
981 2360 1028 2432 ad
1040 2369 1200 2432 nostrum
1216 2359 1401 2432 credamus
1416 2358 1609 2431 dominium
1624 2378 1804 2449 revocare,
1822 2358 1853 2430 si
1868 2377 1932 2430 ex·

522 2492 644 2557 contra
661 2482 861 2575 hujusmodi
876 2504 941 2577 pro
953 2491 1037 2555 voto
1053 2483 1321 2579 supplicantium
1336 2481 1473 2572 fierent,
1487 2503 1552 2577 per
1559 2480 1733 2556 commodi
1744 2481 1931 2577 particule·

522 2609 571 2680 ris
584 2606 720 2680 initium
733 2607 817 2679 boni
831 2607 1003 2700 generalis
1016 2607 1161 2699 utilitas,
1172 2607 1268 2702 quod
1278 2629 1342 2681 vos
1350 2608 1441 2680 velle
1453 2628 1526 2679 non
1539 2606 1728 2696 credimus,
1738 2607 1928 2679 tolleretur.

522 2731 595 2803 liris
616 2729 736 2823 itaque
763 2730 927 2820 attentis,
953 2752 1034 2824 egre
1062 2731 1153 2802 serre
1177 2752 1250 2802 non
1271 2729 1373 2803 decet
1395 2739 1514 2803 vestra
1536 2727 1686 2804 fidelitas
1707 2729 1737 2800 si
1759 2726 1933 2824 supplica-

525 2853 637 2926 tiones
651 2863 786 2926 vestras
799 2853 846 2925 ad
859 2875 1004 2949 presens
1014 2854 1051 2925 in
1065 2853 1242 2949 premissis
1255 2876 1327 2927 non
1341 2853 1506 2927 duximus
1519 2853 1764 2927 admittendas.
1774 2853 1934 2926 Ceterum

526 2977 555 3049 si
580 2997 628 3048 ex
652 2975 798 3072 captivis
825 2977 901 3048 aliis
924 2998 988 3073 per
1014 2985 1222 3051 excentrum
1245 2976 1445 3071 hujusmodi
1469 2977 1611 3052 devotio
1633 2985 1751 3050 vestra
1772 2975 1930 3072 petierit,

527 3108 658 3194 quanto
675 3099 752 3172 sine
770 3100 995 3193 negociorum
1015 3101 1252 3174 communium
1269 3100 1434 3173 evidenti·
1448 3101 1603 3197 periculo
1617 3101 1788 3175 monere
1803 3097 1935 3196 poteri·

525 3245 619 3316 mus,
638 3222 795 3319 petitioni
812 3233 928 3298 vestre
942 3233 1062 3298 nostra
1077 3225 1245 3298 serenitas
1260 3224 1529 3298 condescendet.

1224 3483 1274 3554 111

611 3656 706 3734 (nult.
721 3672 770 3735 sp.
785 3657 870 3720 reret
881 3655 916 3717 ιιι
934 3657 999 3720 ve.
1017 3658 1114 3740 epea,
1129 3657 1182 3719 ιιι.
1193 3659 1255 3734 ιιι,
1270 3674 1337 3738 esp.
1352 3657 1449 3740 mu.)

579 3837 803 3940 [Fridericus,
823 3838 909 3940 ete]
925 3842 1044 3915 Fidem
1064 3843 1200 3916 solitam
1222 3853 1257 3916 et
1280 3843 1504 3917 devotionem
1527 3841 1744 3935 evidentem,
1766 3863 1873 3935 (ιιιιιιιι
1892 3841 1938 3915 ab

530 3973 677 4061 experto
693 3965 729 4036 in
745 3966 872 4039 nostris
886 3965 1034 4039 servitiis
1051 3975 1084 4038 te
1098 3965 1261 4040 habuisse
1277 3967 1490 4039 incessanter
1506 3975 1543 4038 et
1553 3965 1684 4039 habere
1697 3966 1936 4061 eognovimus,

529 4087 652 4161 merito
669 4088 965 4181 commendantes,
984 4088 1031 4160 ed
1048 4088 1165 4161 lutura
1183 4090 1326 4162 culmini
1343 4100 1462 4163 nostro
1480 4091 1758 4163 commendanda
1772 4089 1939 4184 obsequia

529 4212 684 4283 animare
704 4211 755 4284 sic
773 4221 807 4284 te
826 4213 989 4284 volumus
1008 4234 1088 4285 cum
1107 4213 1251 4305 affeetu,
1268 4222 1309 4286 ut
1330 4223 1401 4285 tam
1418 4214 1463 4285 de
1478 4213 1652 4308 preteritis
1666 4213 1774 4306 gratis
1792 4211 1939 4286 servitiis

531 4357 637 4429 quam
657 4333 703 4408 de
723 4335 847 4407 suturis
873 4344 932 4408 tue
954 4335 1150 4408 devotionis
1174 4335 1328 4409 studium
1347 4335 1503 4409 hilariter
1522 4338 1637 4431 dignis
1657 4337 1940 4410 retributionibus

531 4479 808 4553 compensemus.
836 4461 947 4555 Super
970 4461 1175 4534 liberatione
1197 4481 1281 4534 vero
1302 4459 1364 4533 lilii
1387 4461 1458 4554 tui,
1479 4463 1541 4558 qui
1564 4484 1628 4558 pro
1654 4460 1724 4533 lide
1751 4460 1941 4557 majestatis

532 4591 649 4654 nostre
665 4582 855 4674 servanda,
876 4605 957 4655 cum
972 4583 1180 4676 quibusdam
1200 4584 1276 4656 aliis
1296 4585 1423 4658 nostris
1443 4583 1605 4658 fidelibus
1624 4595 1747 4682 captus
1767 4585 1942 4658 detinetur

531 4703 568 4775 in
584 4701 723 4794 Parma,
741 4725 807 4799 pro
822 4726 893 4800 quc
912 4704 1095 4779 liberando
1115 4704 1257 4778 culmini
1277 4715 1397 4780 nostro
1416 4705 1594 4781 humiliter
1612 4707 1833 4804 supplicasti,
1854 4705 1942 4782 sciro
