4318 5904
523 597 585 662 966
984 607 1110 671 innui
1132 612 1481 676 noctitiuittoiiiiii.

533 803 645 880 iuer

535 939 568 992 ²¹
581 938 643 1010 jan.
711 931 849 1012 F⁰gssitu
906 967 947 984 -
963 938 1078 1020 Angeio
1095 943 1133 1004 99
1150 945 1242 1008 Paria
1259 945 1439 1022 procuratori
1455 947 1554 1008 991199
1573 963 1647 1008 suae
1661 949 1694 1008 in
1715 953 1794 1010 terre
1812 949 1933 1012 9119991

945 1038 1069 1099 1999991
1087 1041 1168 1118 quod
1191 1045 1371 1119 praeceptori
1392 1041 1498 1102 domus
1522 1043 1752 1105 'teutonicorum
1771 1046 1804 1112 in
1823 1047 1935 1122 Apniie

944 1137 1079 1197 restituat
1091 1138 1235 1215 99999919
1249 1139 1353 1200 domos
1365 1138 1535 1201 aedificatas
1552 1142 1584 1201 in
1601 1148 1679 1202 terre
1694 1143 1774 1220 apud
1787 1142 1931 1220 llonopo·

944 1233 1011 1311 lim,
1023 1251 1098 1311 quas
1110 1253 1128 1296 a
1141 1240 1318 1299 monasterio
1331 1239 1431 1300 Sancti
1443 1239 1617 1302 11999999
1631 1240 1737 1301 991999
1746 1247 1838 1302 tenet.
1871 1249 1931 1301 491

541 1331 631 1417 [ium]
671 1373 679 1392 .
712 1374 720 1392 .
744 1375 753 1392 .
778 1376 787 1394 .
811 1379 820 1398 .
843 1379 853 1399 .
877 1375 885 1393 .
903 1363 944 1374 —
964 1331 1089 1394 Cnidum
1102 1335 1254 1412 capitaneo
1266 1334 1435 1414 significuus
1452 1353 1483 1396 se
1496 1337 1631 1414 proxime
1643 1340 1754 1398 iturum
1767 1340 1797 1398 in
1813 1337 1936 1398 ltaliam

942 1429 981 1490 99
993 1429 1193 1493 9991999999
1206 1431 1373 1510 rebellium,
1388 1433 1512 1495 1999991
1522 1437 1603 1512 puori
1616 1452 1685 1496 eum
1700 1437 1784 1514 equis
1797 1441 1827 1495 et
1840 1437 1930 1495 armis

942 1535 1146 1606 praeparatum
1159 1545 1228 1590 cum
1242 1530 1514 1592 eaeterisfldeitbus
1527 1533 1669 1594 inveniet.
1870 1539 1924 1591 491

527 1632 642 1709 11199.
707 1627 844 1706 Poggius.
903 1659 941 1672 -
959 1628 1054 1690 Fratri
1068 1630 1217 1708 Stephano
1229 1633 1372 1692 messam
1382 1632 1480 1692 991199
1493 1647 1565 1692 suae
1577 1633 1610 1691 in
1622 1629 1830 1692 1911999999
1843 1646 1936 1690 men—

941 1726 992 1788 991
1014 1728 1093 1805 quod
1116 1731 1293 1789 sententiam
1314 1744 1440 1806 magnae
1463 1729 1562 1790 euriae
1583 1745 1654 1790 suae
1675 1745 1729 1805 pro
1751 1729 1927 1788 monasterio

941 1824 1050 1884 Montis
1061 1825 1192 1904 Virginis
1205 1825 1295 1886 latam
1309 1827 1476 1886 executioni
1488 1826 1629 1886 91999919
1641 1832 1785 1903 procuret
1869 1832 1933 1885 495Ι

529 1923 639 1988 18191).
712 1921 840 2001 Capuae.
903 1953 941 1967 -
960 1923 1056 1983 Fratri
1070 1921 1219 2000 Stephano
1233 1925 1374 1984 masserio
1387 1925 1487 1984 euriee
1504 1939 1576 1984 snae
1593 1924 1699 1984 lteram
1713 1921 1835 1984 9199991
1846 1921 1926 1998 quod

941 2021 1153 2080 restitutionem
1164 2021 1284 2080 eesallni
1297 2026 1327 2080 91
1339 2020 1490 2081 demusin
1502 2025 1582 2080 terre
1592 2020 1713 2081 Bareasl
1724 2022 1846 2081 silerum
1860 2035 1925 2096 pro·

939 2119 1067 2188 curatori
1081 2118 1250 2176 monasterii
1261 2117 1370 2176 1999119
1378 2115 1508 2194 Virginis
1519 2113 1613 2175 lamro
1627 2113 1826 2177 9999199191.
1867 2122 1933 2175 495

535 2217 638 2302 [lehn]
668 2255 677 2274 ·
702 2259 710 2274 .
735 2257 743 2274 .
768 2258 777 2275 .
801 2256 810 2275 .
836 2259 843 2275 .
874 2243 939 2278 .·-
958 2213 1080 2275 Civibus
1102 2215 1289 2276 Urbeveteris
1311 2211 1934 2274 999991119191191999999191191111199

938 2311 1255 2389 impertireporiatnm.
1866 2315 1928 2368 919·

530 2410 633 2498 [19119]
667 2456 674 2472 .
699 2456 707 2474 .
732 2456 740 2474 .
763 2456 770 2472 .
796 2458 805 2476 .
834 2456 841 2474 .
872 2459 880 2475 .
900 2435 938 2450 -·
956 2407 1044 2467 Varia
1059 2409 1197 2468 mandata
1211 2408 1313 2486 dirigit
1328 2393 1363 2468 ut
1381 2421 1450 2468 eum
1467 2406 1538 2467 viiia
1557 2407 1659 2468 Pontis
1671 2405 1804 2466 Tremuli
1817 2421 1836 2465 9
1848 2404 1921 2466 999·

937 2504 1019 2564 litate
1031 2507 1146 2582 imperii
1158 2507 1296 2580 deviarit,
1312 2509 1408 2566 cestro
1422 2503 1555 2581 eiusdem
1569 2503 1768 2564 indevotione
1782 2519 1837 2564 sue
1851 2519 1922 2579 per·

937 2611 1104 2680 severante,
1123 2604 1161 2664 99
1180 2606 1398 2681 requisitionem
1417 2601 1559 2663 Frideriei
1581 2602 1619 2663 99
1636 2601 1809 2680 inumata,
1823 2603 1923 2662 ricerii

936 2703 1095 2778 imperialis
1109 2703 1140 2760 in
1153 2703 1270 2779 Tuscia,
1285 2717 1336 2778 per
1347 2703 1426 2760 uires
1439 2705 1470 2758 et
1483 2698 1630 2758 solertiam
1643 2697 1794 2759 edometur
1807 2697 1922 2757 rebellio

935 2798 1026 2876 hujus
1040 2797 1143 2875 villae,
1158 2805 1214 2858 919.
1863 2800 1919 2854 491

535 2908 623 2988 [seph
665 2946 673 2964 .
697 2944 706 2965 .
730 2947 739 2964 .
765 2943 775 2962 .
797 2945 806 2965 .
832 2947 838 2962 .
871 2947 878 2965 .
898 2927 935 2942 -
957 2898 1029 2976 liegi
1043 2897 1205 2976 bogiorum
1224 2894 1371 2974 significet
1383 2895 1463 2974 quod
1476 2909 1544 2956 eum
1561 2898 1659 2972 portes
1675 2891 1777 2954 ltaliae
1794 2897 1929 2968 repetere.

553 3008 600 3068 vel
937 2995 976 3054 911
993 3003 1127 3070 paratus,
1141 2991 1236 3052 fliium
1256 3009 1341 3052 suum
1358 2991 1517 3052 1199119991
1540 2991 1671 3068 ejusdem
1690 2989 1768 3068 regis
1787 2995 1924 3064 nepotem

517 3105 649 3181 marem]
935 3086 1671 3167 911919111919999819111991199119919999191991.
1864 3093 1924 3145 591

538 3197 622 3284 [seph
664 3233 672 3251 .
696 3235 703 3251 .
728 3235 735 3252 .
763 3236 771 3252 .
793 3235 800 3252 .
832 3237 840 3254 .
871 3215 936 3254 .-
956 3185 1062 3247 Scribit
1081 3185 1327 3247 Cremonensibus
1345 3183 1512 3245 confortans
1530 3199 1581 3242 999
1597 3185 1630 3243 19
1647 3180 1708 3242 999
1725 3185 1756 3242 91
1772 3183 1926 3242 emeritae

553 3298 601 3358 vel
935 3286 994 3345 9119
1010 3286 1121 3344 iturum
1141 3281 1180 3344 ed
1198 3287 1295 3358 partes
1314 3282 1379 3343 ilias
1401 3284 1432 3341 in
1452 3281 1660 3342 exterminium
1681 3293 1802 3340 suorum
1822 3277 1922 3338 rebel-

517 3396 648 3472 martio.]
935 3383 1018 3444 llum·
1863 3383 1923 3436 595

519 3493 635 3555 martio.
727 3483 816 3561 Apud
894 3513 935 3524 —
953 3481 1086 3559 Ugonem
1106 3479 1274 3542 Ranaldum
1295 3478 1438 3540 69199919
1455 3475 1610 3538 ’19199999
1623 3475 1661 3536 99
1678 3472 1806 3536 Curione
1821 3471 1920 3550 publi·

661 3579 692 3641 S.
714 3581 876 3654 Quirinum.
933 3597 1001 3642 eum
1015 3581 1129 3656 imperii
1142 3579 1327 3639 tabellionem
1341 3579 1504 3638 constituit.
1862 3579 1920 3632 511

528 3683 624 3760 aprili.
723 3675 811 3740 Pisis.
894 3709 933 3722 -
952 3677 1098 3756 Angelum
1118 3677 1304 3736 Dominlrum
1323 3677 1360 3736 99
1380 3675 1506 3736 Cortum
1522 3671 1674 3751 pubiicum
1691 3669 1807 3748 imperii
1825 3667 1920 3730 tabel-

933 3777 1041 3836 lienem
1055 3777 1215 3834 constituit.
1861 3774 1920 3830 511

518 3871 638 3960 [aprili]
699 3871 831 3934 Parmae.
895 3905 932 3916 -
953 3870 1060 3932 Scribit
1076 3869 1224 3930 nobilibus
1243 3869 1325 3946 regni
1340 3869 1481 3928 Franciae
1498 3881 1649 3928 summum
1667 3861 1839 3942 poniificem
1854 3867 1923 3939 post

933 3969 1177 4043 conspirationem
1191 3967 1271 4025 neeis
1283 3980 1352 4024 suae
1365 3963 1446 4040 apud
1459 3964 1626 4041 Anagniam
1641 3939 1783 4039 profirgoe
1798 3957 1878 4019 91919
1891 3962 1923 4019 91

932 4063 1047 4140 191919,
1062 4063 1209 4141 simulque
1228 4062 1441 4123 accusationem
1459 4061 1545 4120 diluit
1561 4062 1594 4120 in
1612 4057 1811 4120 9999919119
1827 4069 1921 4132 pepee

932 4159 1098 4221 machinato
1111 4159 1236 4235 iliatam,
1252 4166 1308 4220 919.
1861 4160 1921 4213 514

526 4267 622 4347 aprili.
684 4265 851 4327 Cremonae.
894 4293 932 4306 -
953 4263 1000 4322 ild
1020 4262 1262 4338 supplicationem
1283 4259 1384 4321 Uberti
1408 4258 1578 4319 Peliaviclni
1597 4261 1628 4316 et
1649 4254 1800 4316 Johannae
1821 4253 1921 4313 99191-

933 4361 1021 4419 119999
1037 4361 1143 4419 9919119
1161 4361 1239 4436 ejus,
1254 4357 1419 4420 (1919999111
1438 4363 1469 4418 91
1480 4355 1630 4415 Simonem
1644 4353 1775 4426 oomltes,
1786 4347 1920 4428 ejusdem

934 4457 1083 4517 loiaeunee
1107 4454 1199 4526 91199,
1218 4472 1287 4515 9919
1307 4471 1408 4514 991919
1433 4451 1664 4529 possessionibus
1685 4451 1715 4510 ln
1737 4452 1918 4524 sueprotoo-

932 4555 1011 4613 tione
1024 4554 1144 4628 suscipit
1163 4558 1192 4611 et
1205 4555 1400 4610 iustrumenta
1413 4549 1591 4608 9111999919
1604 4549 1680 4606 inter
1693 4559 1795 4606 eorum
1808 4557 1919 4620 pereu-

933 4649 1230 4727 tosquondamlacte
1243 4649 1408 4707 eonilrmet.
1860 4645 1920 4698 519

526 4751 621 4830 aprili.
665 4791 876 4812 .......
893 4781 932 4796 ·-
953 4751 1022 4810 Post
1034 4755 1158 4809 mortem
1171 4748 1311 4808 Friderici
1325 4748 1461 4808 lustriae
1473 4744 1567 4823 99919,
1578 4741 1764 4822 privilegium
1777 4755 1796 4800 a
1808 4754 1842 4800 ee
1852 4739 1918 4815 ipso
