4310 5908
220 604 326 707 'use
342 647 389 725 ι]
672 645 872 709 nrsronra
896 647 1190 712 urrnouarrca.
1573 651 1631 714 ιιι

274 781 468 854 Fridericus
482 781 546 855 Dei
563 782 674 874 gratia
692 783 926 857 Romanorum
944 783 1132 878 imperator
1147 805 1284 882 semper
1302 793 1488 877 augustus,
1508 785 1633 858 ilioru-

226 906 333 978 salem
348 915 384 978 et
394 905 508 978 Sicilie
524 927 603 996 rex,
614 907 755 1004 prelatis
769 907 1006 997 ecclesiarum,
1018 907 1288 1000 marchionibus,
1298 907 1496 999 comitibus,
1508 931 1635 982 vavas·

226 1025 373 1118 sumbus,
387 1026 575 1118 nobilibus,
588 1029 830 1122 potestatibus,
842 1028 1007 1122 consiliis,
1021 1030 1325 1102 communitatibus
1340 1041 1375 1102 et
1390 1031 1561 1104 universis
1573 1053 1638 1127 per

225 1151 465 1224 lombardiam
484 1173 505 1222 a
521 1151 665 1225 tlumine
681 1154 818 1224 Lambri
834 1154 993 1249 superius
1008 1153 1203 1226 constitutis
1218 1151 1380 1227 fidelibus
1398 1155 1470 1226 suis
1490 1156 1637 1249 gratiam

226 1297 326 1347 suam
347 1285 383 1347 et
406 1276 534 1347 bonam
550 1277 781 1349 voluntatem.
803 1276 859 1349 Ad
876 1277 1076 1351 extollenda
1092 1279 1266 1370 justorum
1284 1278 1448 1373 preconia
1470 1288 1505 1351 et
1526 1279 1637 1376 repri-

226 1398 370 1471 mendas
383 1399 584 1472 insolentias
598 1410 891 1494 transgressorum
904 1401 1118 1497 prospiciens
1132 1423 1152 1474 e
1167 1402 1241 1474 celo
1252 1401 1386 1496 justitia
1403 1401 1515 1473 erexit
1530 1423 1638 1499 popu·

227 1523 268 1594 lis
280 1513 500 1616 regnantium
517 1523 603 1596 solia
619 1534 655 1596 et
672 1523 889 1597 diversorum
906 1525 1100 1621 principum
1118 1534 1320 1620 potestates.
1345 1525 1517 1598 Caruisset
1536 1547 1636 1598 nam·

225 1669 293 1742 que
308 1648 457 1721 libenter
472 1647 625 1719 humana
638 1648 791 1721 conditio
800 1650 886 1741 jugo
899 1648 1044 1721 dominii
1058 1669 1124 1722 nec
1137 1649 1366 1721 libertatema
1380 1671 1417 1720 se
1433 1671 1538 1744 quam
1555 1650 1639 1745 ipsis

224 1780 350 1842 natura
361 1772 569 1861 contulerat,
584 1770 743 1844 homines
757 1773 992 1864 abdicassent,
1002 1773 1067 1844 nisi
1084 1773 1180 1867 quod
1193 1773 1362 1868 impunita
1378 1773 1518 1845 licentia
1531 1774 1639 1846 scele-

225 1919 303 1968 rum
319 1896 355 1966 in
371 1895 570 1968 evidentem
582 1897 771 1992 perniciem
785 1896 928 1969 bomani
939 1898 1077 1991 geneda
1093 1897 1327 1988 redundabat,
1339 1906 1375 1970 et
1392 1897 1442 1968 sic
1460 1919 1507 1968 ex
1517 1918 1637 1970 neces-
1734 1893 1736 1898 ’

224 2021 327 2094 sitate
343 2020 496 2114 quadam
517 2021 669 2115 oportuit
684 2031 844 2093 naturam
863 2022 1004 2094 subesse
1017 2021 1151 2115 justitie
1172 2031 1209 2094 et
1230 2022 1360 2093 servire
1374 1997 1506 2113 judicio
1529 2022 1636 2094 liber·

225 2155 348 2218 tatem.
375 2144 445 2217 Sed
454 2165 535 2216 ,nec
558 2144 694 2238 exquiri
720 2145 837 2217 decuit
859 2146 1076 2217 extrinsecus
1098 2145 1202 2217 aliam
1223 2144 1374 2240 speciem
1400 2153 1557 2250 creature
1577 2145 1634 2216 cui

225 2292 263 2342 se
280 2277 517 2363 representata
530 2289 593 2365 per
603 2267 779 2341 hominem
794 2269 931 2341 celestis
944 2269 1059 2362 imago
1070 2269 1272 2361 subjiceret,
1290 2267 1422 2341 dumio
1437 2267 1633 2341 redditione

224 2415 351 2466 census
363 2393 579 2464 numismatis
592 2392 776 2488 imperium
786 2414 849 2488 pre
860 2393 984 2465 ceteris
995 2393 1133 2464 fortune
1147 2392 1321 2486 fastigium
1338 2391 1542 2486 presignivit
1556 2389 1631 2488 (l),

223 2518 290 2590 sed
303 2518 409 2590 bomo
425 2519 579 2612 prelatus
594 2526 646 2588 est
668 2516 800 2588 homini
822 2527 863 2588 ut
878 2517 1064 2610 gratiorem
1085 2517 1238 2590 efficeret
1257 2517 1482 2611 prelaturam.
1510 2515 1633 2590 Atten-

224 2642 351 2715 dentes
368 2641 474 2733 igitur
488 2640 584 2736 quod
602 2661 648 2712 ex
664 2641 852 2735 imperialis
868 2640 971 2713 officii
985 2641 1094 2712 nostri
1111 2641 1229 2714 debito
1250 2640 1347 2734 quod
1365 2661 1412 2711 ex
1427 2640 1547 2712 celesti
1561 2641 1634 2714 dis·

223 2765 429 2861 pensatione
455 2764 690 2858 suscepimus,
714 2764 935 2837 villicationis
959 2774 1077 2837 nostre
1107 2765 1278 2838 rationem
1300 2786 1419 2836 sumus
1438 2764 1475 2834 in
1495 2763 1552 2836 die
1577 2764 1633 2838 di·

224 2889 335 2962 stricti
351 2889 476 2982 judicii
488 2888 671 2978 reddituri,
696 2909 776 2960 com
786 2887 953 2981 qualitate
968 2888 1185 2961 diversorum
1201 2888 1420 2981 negotiomm
1436 2898 1633 2962 nostrorum

225 3023 260 3086 et
284 3013 422 3108 imperii
444 3034 508 3109 per
524 3013 711 3084 nonnullas
729 3022 763 3084 et
779 3011 934 3084 diversas
956 3023 1072 3107 partes
1087 3011 1277 3104 majestatis
1289 3021 1407 3083 nostre
1424 3012 1634 3107 presentiam

123 3124 126 3132 ’
223 3137 419 3210 necessarie
444 3135 666 3229 requirente,
691 3135 727 3207 iu
751 3136 909 3230 partibus
928 3136 1012 3231 ipsis
1040 3135 1168 3208 morari
1190 3135 1354 3208 contiuuo
1381 3137 1636 3231 presentialiter

224 3281 459 3355 nequeamus,
492 3281 537 3331 ne
557 3258 746 3352 majestatis
770 3269 888 3331 nostre
912 3259 1063 3355 presidio
1086 3267 1122 3330 et
1138 3259 1273 3351 justitia
1288 3259 1451 3348 careatis,
1472 3282 1554 3334 ecce
1571 3283 1635 3358 pro

225 3385 489 3481 recuperatione
512 3405 554 3455 ac
582 3382 782 3455 defensione
806 3393 1004 3455 uostmrum
1024 3393 1060 3454 et
1081 3383 1216 3478 imperii
1234 3383 1366 3476 jurium
1386 3383 1633 3479 othonorum,

225 3491 491 3584 conservatione
506 3507 591 3579 boni
608 3519 645 3578 et
662 3505 798 3602 pacifici
810 3517 919 3578 status
934 3506 1040 3578 vestri
1058 3515 1094 3578 et
1109 3507 1189 3579 viva
1209 3528 1336 3600 guerra
1350 3509 1478 3580 nostris
1496 3509 1636 3581 rebelli·

225 3626 503 3724 bus'intercnda,
514 3632 559 3703 de
575 3628 755 3721 fidelitate,
771 3629 940 3702 industria
955 3639 990 3700 et
1003 3629 1205 3702 strenuitate
1220 3630 1392 3703 Tbomasii
1407 3631 1452 3703 de
1464 3631 1638 3705 Sabaudia

225 3758 360 3831 comitis
382 3756 499 3829 dilecti
522 3755 769 3847 consanguinei
796 3764 831 3825 et
852 3752 965 3827 fidelis
990 3754 1098 3826 nostri
1120 3755 1165 3826 ab
1188 3765 1335 3849 experto
1352 3756 1507 3851 plenarie
1528 3755 1639 3829 confi·

225 3882 368 3973 dentes,
395 3881 508 3977 ipsum
526 3888 684 3951 nostrum
702 3890 738 3950 et
757 3878 845 3950 sacri
870 3877 1005 3972 imperii
1025 3880 1225 3970 generalem
1246 3879 1399 3971 legatum
1424 3879 1460 3950 iu
1481 3880 1638 3974 partibus

225 4007 309 4103 ipsis
333 4005 499 4078 duximus
519 4002 760 4094 statuendum,
781 4023 846 4074 nec
872 4024 952 4074 eum
975 4003 1047 4073 sola
1067 4003 1170 4095 legati
1189 4013 1360 4097 potestate
1378 4004 1539 4075 volumus
1560 4024 1637 4075 esse

226 4139 442 4218 contentum,
454 4128 518 4201 sed
528 4128 560 4199 ei
572 4127 755 4220 adjicimus
768 4127 918 4199 officium
932 4125 1143 4221 presidatus;
1158 4125 1387 4199 concedentes
1404 4125 1436 4197 ei
1453 4147 1586 4196 merum
1601 4135 1638 4199 et

226 4253 374 4325 mixtum
389 4250 573 4346 imperium
590 4249 742 4342 etgladii
758 4259 964 4345 potestatem
979 4261 1015 4320 et
1032 4258 1071 4319 ut
1085 4249 1121 4319 in
1135 4249 1347 4321 facinorosos
1360 4246 1636 4320 animadvertere

225 4377 361 4468 valeat,
378 4375 562 4472 purgando
578 4375 797 4447 commissam
814 4372 879 4444 sibi
898 4371 1111 4467 provinciam
1132 4371 1207 4469 (2),
1230 4373 1267 4442 in
1286 4393 1345 4443 eos
1361 4370 1556 4465 specialiter
1574 4370 1635 4462 qui
1725 4355 1730 4364 ’

1553 4515 1629 4528 —1

260 4576 297 4648 (tl
315 4575 401 4632 locus
413 4572 562 4632 certissime
573 4573 695 4645 mutilos,
712 4571 775 4630 lieet
787 4587 820 4630 cx
832 4570 954 4644 originali
967 4571 1142 4646 depromptus
1156 4575 1304 4640 asseratur,
1319 4569 1343 4627 si
1359 4584 1422 4627 aum
1437 4539 1563 4628 conlatas
1571 4583 1634 4628 cum

222 4673 393 4732 decantantis
406 4671 625 4747 supralaudatis.

261 4771 297 4847 (2)
315 4773 397 4829 Deest
408 4769 521 4843 aliquid,
536 4768 639 4827 scilieet
650 4770 683 4826 io
695 4766 881 4840 malefectores
896 4767 1031 4840 inquiret.
1087 4825 1090 4830 ,

304 4871 358 4934 VI.
378 4885 435 4929 aar·
445 4884 469 4927 2.
1435 4865 1474 4917 9⁴
