4300 5916
512 545 575 610 eoo
1035 545 1217 610 connect
1241 545 1391 622 ournrr
1724 541 1808 623 [sn.
1826 544 1913 608 rese.

513 679 578 780 [in]
596 681 717 756 diesen
734 682 869 775 burgen
886 681 1028 754 etsliche
1044 682 1157 774 koste,
1174 684 1226 756 vit
1238 704 1365 756 namen
1382 702 1451 754 von
1466 680 1612 772 weissc,
1628 701 1699 754 von
1711 679 1834 770 kenne,
1846 701 1915 753 von

513 809 604 880 mele
615 807 703 880 zwei
720 805 847 878 msend
860 805 996 878 malder
1010 806 1084 879 und
1100 806 1166 879 dru
1180 807 1254 880 und
1270 805 1400 900 viereig
1412 805 1559 878 melden.
1574 801 1822 877 ltemhundert
1837 804 1916 874 mal·

514 931 578 1004 der
597 931 777 1026 speleczen
792 929 866 1002 und
879 951 956 1002 zwo
967 930 1042 1003 nnd
1055 929 1339 1024 irrnlzigmalder,
1353 929 1454 1003 achtc
1468 927 1702 1017 ludervvines‚
1713 926 1916 1000 vierczehen

513 1054 669 1146 bachen,
685 1054 794 1128 zwoll
804 1074 887 1126 eren
903 1052 1065 1148 duppcn,
1084 1052 1183 1125 siben
1200 1052 1332 1143 kessel,
1348 1075 1426 1128 zwo
1439 1072 1596 1148 pennen,
1614 1049 1713 1124 siben
1728 1050 1803 1124 isen
1823 1102 1835 1122 .
1863 1101 1874 1122 .
1901 1103 1910 1122 .

518 1229 852 1250 .........
883 1230 894 1269 ,
921 1176 1019 1249 siben
1040 1177 1116 1250 und
1133 1175 1289 1270 zwenzig
1309 1175 1445 1250 hornen
1464 1175 1661 1266 armbmst,
1680 1193 1758 1248 zwo
1774 1174 1912 1271 platon,

512 1301 624 1374 zehen
641 1303 729 1392 osel,
747 1300 900 1373 hundert
916 1299 989 1372 und
1003 1299 1104 1372 achte
1120 1299 1194 1373 und
1207 1299 1362 1394 zwenzig
1374 1298 1487 1391 schal,
1506 1299 1562 1372 ein
1575 1296 1650 1370 und
1664 1297 1788 1392 drissig
1804 1299 1911 1372 bette.

513 1424 594 1498 Und
614 1423 725 1497 durch
741 1423 958 1517 zulrunltigcr
972 1421 1215 1515 gedechtnissc
1228 1421 1302 1496 und
1317 1420 1503 1496 sicherheit
1517 1443 1641 1494 unsers
1656 1419 1755 1494 heles
1764 1419 1839 1493 und
1854 1421 1915 1494 dee

512 1557 752 1642 vorgenanten
767 1568 890 1618 unsers
904 1556 1094 1618 trossessen
1109 1546 1180 1620 han
1196 1545 1265 1618 wir
1276 1545 1390 1620 dieses
1401 1545 1495 1618 brief
1505 1544 1578 1618 dun
1592 1543 1753 1618 schriben
1767 1543 1841 1616 und
1854 1542 1915 1616 mit

513 1693 677 1744 unserme
692 1670 879 1765 ingcsigele
894 1669 1085 1764 beeigelen.

563 1793 725 1887 Gegeben
746 1816 790 1866 zu
816 1793 932 1889 spire,
958 1793 1047 1865 nach
1060 1793 1179 1866 Gottes
1197 1794 1324 1888 geburt
1345 1792 1603 1868 zwolsnundert
1622 1792 1674 1864 iar
1687 1793 1723 1865 in
1741 1792 1805 1866 des
1817 1791 1915 1868 seclus

514 1915 616 2016 [und]
628 1917 873 2012 vierczigesten
890 1916 974 1989 iare.

347 2475 436 2582 ,Μ
569 2466 836 2572 Comedus,
825 2492 865 2548 m
901 2465 1159 2550 Romanorum
1193 2493 1323 2578 regem
1362 2467 1521 2617 electus,
1559 2466 1659 2550 cives
1688 2465 1913 2551 Lubieenses

308 2529 489 2638 „pm
514 2599 645 2684 fideles
667 2626 758 2684 suos
778 2624 802 2681 a
820 2598 907 2709 jure
931 2598 1095 2682 thelonei
1122 2600 1227 2710 quod
1253 2601 1358 2684 ob
1327 2627 1381 2683 ers
1405 2601 1445 2682 in
1471 2599 1647 2709 passagio
1669 2599 1772 2708 apud
1794 2599 1912 2684 War-

514 2735 605 2816 dem
623 2731 765 2842 requiri
782 2731 976 2816 consuevit
983 2757 1137 2842 ,usque
1154 2732 1204 2816 ed
1221 2741 1386 2843 quotuor
1403 2757 1525 2816 annos
1542 2730 1749 2841 completos
1767 2732 1909 2815 eximit.

597 2944 693 3023 (Edtt.
708 2946 740 3005 tn
756 2942 822 3006 Cot.
841 2941 991 3024 diplomat.
1006 2943 1124 3020 totu,
1138 2961 1207 3024 pars
1218 2945 1245 3022 1,
1261 2964 1292 3025 p.
1309 2954 1379 3022 1²⁴,
1393 2958 1426 3008 n·
1440 2945 1594 3024 CXXVII,
1611 2963 1650 3008 ex
1668 2947 1741 3010 ltltrc
1757 2951 1861 3028 coptalt
1877 2953 1913 3015 de

634 3051 820 3128 Bardewlch‚
835 3051 887 3112 iol.
906 3053 967 3126 to.)

562 3264 757 3355 Comedus,
777 3263 850 3336 divi
872 3263 1009 3354 augusti
1029 3261 1246 3357 imperatoris
1269 3262 1433 3336 Friderici
1459 3263 1566 3357 filius,
1587 3265 1650 3337 Dei
1662 3267 1774 3358 gratia
1787 3267 1911 3342 Roma·

513 3410 638 3461 norum
653 3387 689 3458 in
707 3409 824 3479 regem
840 3387 990 3476 electus,
1006 3406 1145 3480 semper
1158 3395 1325 3478 augustus
1340 3395 1375 3458 et
1388 3385 1490 3458 hares
1505 3387 1602 3480 regni
1617 3390 1823 3481 Jerusalem,
1835 3392 1913 3464 nni·

513 3511 623 3584 versis
647 3509 782 3606 imperii
804 3507 964 3580 fidelibus
986 3519 1165 3605 presentes
1196 3509 1327 3582 litteras
1355 3510 1562 3606 inspecturis
1594 3513 1740 3605 gratiam
1762 3525 1914 3586 suamet

514 3652 618 3708 omne
649 3634 793 3706 bonnm.
818 3631 1040 3704 Universitati
1062 3642 1178 3705 vestre
1204 3633 1367 3706 volumus
1393 3655 1468 3707 esse
1486 3643 1609 3708 notum
1628 3636 1724 3730 quod
1741 3659 1805 3710 nos
1822 3639 1915 3712 cives

512 3757 721 3830 Lubicenses
743 3754 864 3829 fideles
891 3764 1046 3845 nostros,
1066 3777 1130 3851 pro
1144 3755 1268 3829 merito
1286 3754 1368 3829 fidei
1386 3767 1422 3829 et
1437 3756 1632 3832 devotionis
1648 3781 1768 3832 eorum
1782 3759 1850 3859 (t),
1869 3762 1915 3834 ab

513 3881 610 3956 omni
633 3882 714 3973 jure
746 3879 911 3952 theolonii
940 3879 1035 3973 quod
1060 3879 1106 3951 ab
1129 3879 1180 3952 eis
1195 3879 1323 3973 requiri
1343 3882 1524 3955 consuevit
1548 3881 1593 3955 de
1619 3884 1777 3978 passagio
1795 3895 1914 3960 nostro

550 4161 586 4234 (t)
602 4161 677 4218 Tunc
691 4159 819 4233 temperis
830 4158 999 4216 Innocentius
1008 4173 1080 4233 papa
1092 4157 1238 4232 plurimum
1251 4157 1386 4218 nitebatur
1393 4166 1425 4218 ut
1438 4161 1512 4220 cives
1524 4161 1683 4220 submersos
1693 4178 1711 4220 e
1722 4161 1775 4222 fide
1787 4163 1913 4222 Friderici

515 4257 687 4332 imperatorie
705 4261 853 4327 averteret;
868 4272 918 4330 per
938 4255 1043 4314 litterae
1059 4256 1135 4314 datas
1153 4256 1289 4329 Lugduni,
1304 4257 1365 4316 vrtt
1383 4257 1510 4318 kalendas
1523 4260 1601 4330 msii,
1620 4275 1690 4319 anno
1703 4261 1740 4320 111
1753 4263 1852 4336 (teto),
1866 4280 1914 4325 ecs

513 4357 669 4414 exhortetur
681 4353 751 4426 quod
763 4351 916 4425 landgravio
932 4353 1092 4426 Thuringiee
1106 4369 1186 4426 opem
1199 4353 1315 4426 terrent,
1330 4373 1344 4408 ι
1360 4355 1417 4427 qui,
1432 4355 1466 4412 ad
1480 4355 1608 4414 honorem
1622 4357 1670 4414 Dei
1682 4363 1711 4415 et
1728 4358 1862 4418 Ecclesiae
1879 4377 1913 4419 ec

513 4453 677 4510 christianae
685 4448 818 4522 religionis
831 4450 994 4524 praesidium
1005 4456 1114 4526 paratus
1123 4455 1165 4506 est
1176 4465 1315 4508 assumere
1327 4451 1430 4527 imperii
1443 4453 1588 4526 negotium,
1601 4461 1742 4527 postquam
1754 4455 1834 4514 tuerit
1845 4457 1913 4516 elec·

514 4555 569 4606 tus.
582 4549 671 4606 »Post
682 4546 839 4604 electionem
853 4545 1001 4620 lantgravii,
1017 4546 1119 4604 eisdem
1126 4545 1166 4604 Vl
1180 4547 1240 4604 idus
1248 4546 1307 4621 julii
1319 4549 1439 4621 ejusdem
1452 4551 1514 4607 anni
1528 4549 1666 4608 mandavit
1676 4567 1743 4625 papa
1756 4553 1828 4626 quod
1840 4555 1912 4612 illum

512 4647 542 4702 in
563 4659 653 4717 regem
674 4643 856 4702 llomonorum
876 4643 1060 4716 admitterent;
1083 4643 1216 4718 aliumin,
1236 4629 1287 4719 ner
1304 4645 1419 4704 eloctum
1435 4647 1633 4706 Ferrariensem
1653 4647 1915 4723 Apodolicee'sedis
