4306 5914
251 693 361 756 nure.
376 695 423 771 n]
681 656 684 664 ’
707 690 906 754 ursronm
930 687 1225 752 orrnoucrrcn.
1609 687 1665 752 ror

249 836 289 900 et
304 829 450 902 alterins
466 829 652 924 proditoris
665 827 726 922 qui
737 837 777 900 ut
788 827 935 900 baberet
950 827 1082 902 loculos
1093 826 1152 900 vel
1166 824 1341 921 impleret,
1359 822 1522 920 equitatis
1534 823 1670 918 virgam

251 953 420 1026 vertebat
434 954 471 1026 in
485 953 688 1044 colubrum,
710 962 751 1024 ut
764 953 810 1025 ad
824 951 909 1024 illud
924 949 1108 1048 imperium
1124 950 1317 1046 impelleret
1331 957 1470 1022 assueta
1488 948 1668 1022 delusione

250 1079 466 1174 periculum,
486 1100 557 1173 quo
579 1075 680 1150 simul
695 1099 774 1150 cnm
788 1077 910 1150 militia
924 1075 1112 1150 Pharaonis
1125 1075 1363 1172 AEgyptiorum
1384 1095 1480 1148 more
1502 1095 1667 1146 curruum

250 1203 433 1275 abircmus
449 1204 587 1297 equoris
602 1203 637 1275 in
654 1201 878 1299 profundum.
893 1203 1112 1298 Quapropter
1131 1199 1289 1273 fidelitati
1305 1209 1363 1272 tue
1379 1197 1492 1272 modis
1507 1196 1668 1272 omnibus

250 1327 455 1400 inhibemus
476 1336 515 1400 ut
532 1326 688 1399 mandati
709 1327 815 1422 hujus
833 1347 902 1399 non
918 1325 981 1399 iias
1000 1326 1035 1398 in
1054 1326 1185 1422 populo
1204 1324 1363 1420 publicus
1379 1325 1527 1414 delator,
1543 1324 1605 1396 sed
1620 1323 1672 1398 ad·

251 1473 496 1545 quoscumque
506 1451 650 1546 imparia
659 1460 777 1524 nostra
786 1451 970 1542 direxeris,
980 1451 1153 1546 expeditis
1164 1449 1340 1542 gressibus
1348 1448 1569 1522 etatiectibus
1582 1473 1670 1545 pro·v

251 1575 425 1670 sequaris.
446 1578 568 1671 Neque
593 1574 687 1648 enim
704 1575 748 1648 de
766 1584 800 1647 tc
817 1577 887 1648 lesa
908 1573 1118 1649 conscientia
1138 1573 1281 1646 credere
1302 1595 1485 1668 possumus
1504 1582 1544 1646 ut
1559 1597 1665 1670 quom

252 1699 289 1771 in
309 1700 513 1792 sangninem
537 1710 693 1773 nostrum
712 1700 931 1791 admisimus,
948 1699 985 1771 in
1002 1721 1111 1793 regno
1132 1710 1250 1771 nostro
1272 1720 1335 1794 per
1355 1719 1436 1770 eum
1461 1699 1665 1773 scandalum

251 1822 456 1913 subeamus,
472 1843 552 1896 oum
566 1824 683 1918 plures
697 1824 742 1896 de
758 1823 946 1895 curialibus
959 1824 1056 1897 aliud
1071 1823 1115 1896 de
1130 1831 1164 1896 te
1180 1823 1307 1894 sentire
1325 1822 1507 1914 suadeant,
1524 1825 1584 1917 qui
1600 1847 1662 1900 va·

250 1949 324 2018 lata
347 1947 434 2018 lacis
458 1967 526 2019 neo
546 1947 656 2020 nostri
678 1968 745 2020 neo
768 1947 817 2020 tui
840 1947 1022 2021 commoda
1046 1947 1239 2042 queritant,
1262 1947 1324 2020 sed
1347 1947 1494 2020 ruinam.
1514 1949 1674 2040 Minores

251 2072 944 2168 preterealratresetPredicatoresregni
956 2072 1085 2164 Sicilie,
1099 2094 1249 2166 quorum
1258 2071 1364 2166 aliqui
1378 2083 1499 2147 contra
1512 2096 1577 2147 nos
1589 2097 1663 2150 ser·

252 2208 343 2294 punt
356 2197 472 2269 verbis
485 2207 521 2270 et
533 2197 668 2270 actibus
684 2219 780 2271 more
794 2199 924 2290 cancri,
936 2220 997 2270 seu
1015 2197 1188 2292 quoslibet
1201 2198 1289 2271 alios
1304 2198 1369 2270 sub
1383 2199 1558 2293 religionis
1569 2202 1664 2274 vela·

252 2322 347 2395 mine
360 2321 447 2395 lucis
460 2323 603 2415 angelos
616 2323 836 2414 mentientes,
847 2323 876 2395 si
889 2345 910 2395 a
925 2325 1154 2419 capitulorum
1166 2324 1276 2395 forma
1288 2344 1392 2416 quam
1407 2324 1468 2395 tibi
1482 2323 1664 2419 dirigimus

251 2447 474 2520 interclusam
488 2448 606 2542 aliquo
620 2419 725 2520 modo
741 2440 950 2544 compereris
966 2448 1165 2538 detorsisse,
1176 2470 1248 2521 non
1261 2447 1351 2521 sicut
1364 2447 1533 2522 hactenus
1549 2453 1664 2546 repel-

254 2572 326 2644 lere
344 2571 474 2644 debeas
487 2572 543 2644 vel
560 2571 730 2664 includas,
743 2573 805 2646 sed
822 2595 917 2646 more
932 2573 1093 2646 binarum
1106 2572 1264 2668 vulpium
1278 2593 1495 2646 annexarum
1513 2573 1662 2646 submis-

255 2695 300 2766 sis
315 2696 455 2768 maturis
470 2696 600 2789 igneis,
618 2696 655 2769 in
671 2697 764 2771 bona
780 2697 981 2792 sequacium
997 2697 1113 2794 puniri
1126 2697 1250 2790 iacias,
1268 2698 1401 2793 absque
1419 2697 1491 2773 vite
1507 2699 1661 2774 remedio

255 2841 288 2892 rn
306 2839 477 2915 personis.

457 3111 1455 3132 mmm-*uu-

306 3373 547 3482 Friderious,
586 3376 845 3461 Romanorum
874 3379 1100 3490 imperator,
1133 3381 1291 3466 mandat
1326 3385 1521 3494 capitaneo
1552 3385 1659 3496 regni

260 3505 403 3590 Siciliae
437 3519 480 3592 ut
508 3511 688 3618 procedat
723 3520 855 3595 contra
883 3511 1080 3624 religiosos
1111 3525 1305 3625 portantes
1333 3513 1478 3601 litteras
1505 3520 1660 3630 papales

259 3638 293 3720 in
315 3667 478 3752 regnum
501 3670 569 3753 per
595 3643 759 3727 incendii
781 3671 963 3754 poenam,
984 3647 1189 3759 fidelesque
1213 3675 1303 3733 suos
1320 3649 1388 3762 qui
1410 3653 1563 3736 cosdem
1581 3680 1658 3739 non

260 3786 448 3886 expectato
463 3776 606 3885 judicio
624 3778 837 3862 occiderent
860 3779 1036 3892 impunes
1054 3807 1136 3866 esse
1150 3781 1272 3894 jubet.

331 3987 427 4069 (Edit.
444 3993 476 4052 tn
489 3991 574 4052 Petri
586 3987 621 4051 dc
642 3991 708 4052 llic.
724 3993 820 4072 epist..
836 3993 889 4056 llb.
905 3992 936 4072 1,
951 4008 1017 4071 cap.
1035 3994 1123 4075 xlx;
1138 3996 1205 4059 coll.
1220 4012 1289 4058 oum
1301 3997 1366 4058 cod
1385 3996 1461 4059 Blbl.
1479 3999 1578 4060 Cmar.
1599 3997 1656 4060 Pa·

369 4097 434 4174 rte,
443 4093 537 4177 fhnda
550 4097 798 4161 Sciat-dmin
809 4097 934 4180 Harlcy,
949 4110 983 4161 n·
996 4105 1080 4178 455.)

297 4279 476 4372 Puugitivc
492 4303 557 4354 nos
573 4282 683 4375 tangit
699 4283 843 4355 interius
859 4305 915 4356 res
932 4305 1024 4358 nova
1037 4305 1142 4378 quam
1159 4285 1353 4380 scribimus,
1365 4287 1449 4360 dum
1465 4287 1657 4382 inquietare
1713 4366 1721 4379 ,

250 4533 352 4592 Siciliae
365 4532 482 4608 eriperet
495 4532 530 4592 dc
542 4535 660 4595 dominio
673 4537 808 4596 Frederici
825 4539 960 4612 quondam
976 4540 1145 4616 imperatoris
1158 4541 1281 4617 depositi.
1295 4544 1394 4603 llultos
1410 4544 1527 4604 adtraxit
1541 4545 1576 4604 ad
1589 4563 1656 4621 par·
1710 4600 1715 4606 .

249 4638 304 4689 tem
319 4629 461 4688 licclesiae
478 4631 596 4690 Tandem
609 4635 756 4710 imperator
768 4636 832 4694 lecit
845 4652 906 4696 eum
917 4639 977 4714 capi
991 4645 1020 4697 et
1030 4640 1124 4698 decem
1135 4646 1195 4699 octo
1208 4641 1337 4717 martyria
1348 4641 1503 4716 intulitsibi,
1511 4645 1557 4718 qui
1567 4645 1657 4703 omnia

249 4727 376 4788 sustinuit
391 4728 534 4802 patienter,
552 4747 602 4789 nec
620 4733 693 4791 aliud
710 4741 856 4808 potuerunt
875 4735 1018 4796 carnifices
1036 4743 1196 4814 extorquere
1213 4739 1249 4797 ab
1269 4755 1302 4798 eo
1322 4739 1375 4798 nisi
1397 4742 1503 4802 laudem
1525 4743 1655 4802 divinam.

249 4827 331 4886 llulta
340 4825 471 4884 miracula
486 4827 549 4886 lecit
560 4831 632 4890 neus
642 4847 692 4906 per
704 4848 776 4892 eum.
787 4849 803 4886 s

327 4925 380 4991 lli.
402 4941 491 4989 rana
1456 4945 1496 4998 tta
