4306 5914
544 595 605 654 634
1044 599 1257 663 Ftttttffluct
1283 600 1457 662 sucuuut
1762 596 1844 676 [das.
1863 597 1949 660 lata.

542 728 654 802 fidelis
669 730 791 818 nostri,
801 731 1022 804 nunciatione
1034 735 1194 828 pervenit
1207 734 1303 829 quod
1317 756 1382 807 vos
1395 735 1470 806 zelo
1484 754 1570 827 porc
1584 730 1779 804 devotionis
1800 731 1949 822 accensi,

541 863 659 948 preter
683 855 918 926 universitatis
938 866 1053 929 vestre
1075 859 1297 949 gravamina,
1315 879 1384 953 que
1401 878 1466 953 pro
1489 855 1590 930 uobis
1610 857 1775 928 continuo
1794 867 1952 951 prompta

542 977 668 1050 mentis
682 978 858 1050 alacritate
875 979 1058 1075 suscipitis,
1081 991 1117 1052 et
1131 983 1400 1076 preter'laborcs
1417 981 1636 1068 innumeros,
1653 1000 1742 1074 quos
1759 979 1953 1052 animorum

542 1102 634 1172 clara
651 1123 788 1196 semper
803 1102 984 1174 affectione
1000 1104 1157 1198 portatis,
1176 1106 1276 1178 solite
1295 1105 1491 1178 devotionis
1505 1104 1684 1194 affectum,
1702 1125 1806 1198 quem
1824 1103 1873 1176 ad
1889 1124 1953 1176 ex·

542 1223 738 1296 cellantiam
757 1234 912 1296 nostram
928 1247 993 1297 vos
1010 1248 1132 1319 gerere
1148 1228 1223 1300 sine
1242 1228 1428 1321 cujuslibet
1440 1227 1549 1300 verbo
1564 1227 1622 1298 vel
1643 1224 1751 1298 literis
1767 1225 1869 1320 plene
1885 1223 1951 1298 sci-

542 1369 638 1436 mus,
662 1370 774 1444 nuper
802 1349 987 1420 fructiferis
1014 1349 1233 1445 perficientes
1262 1352 1418 1442 indiciis,
1445 1372 1509 1446 pro
1535 1348 1785 1422 restauratione
1816 1369 1952 1422 amere

543 1480 674 1561 nostre,
693 1471 949 1566 quampridem
967 1461 1068 1545 casus
1084 1475 1142 1548 ille
1162 1475 1261 1549 uobis
1280 1473 1335 1572 (ut
1352 1472 1520 1570 creditur)
1536 1472 1698 1547 horridus
1715 1481 1860 1569 repente
1875 1495 1951 1546 sur·

544 1593 669 1689 ripuit,
691 1594 735 1667 de
756 1595 854 1667 bonis
875 1596 1000 1668 vestris
1019 1598 1249 1690 quantitatem
1270 1599 1373 1672 uobis
1401 1598 1563 1693 placitam
1584 1597 1754 1692 promptis
1776 1595 1953 1670 affectibus

543 1718 727 1791 obtulistis.
745 1719 793 1789 De
804 1740 874 1813 quo
887 1716 969 1792 fidei
981 1713 1094 1792 vestre
1104 1722 1384 1794 constantiameo
1399 1721 1562 1794 laudibus
1570 1719 1728 1812 gratiosis
1739 1719 1951 1808 extollimus,

544 1863 614 1936 quo
631 1863 736 1936 super
749 1841 803 1913 bis
816 1843 1005 1915 voluntatis
1026 1855 1141 1916 vestre
1156 1843 1466 1940 promptitudinem
1481 1843 1694 1938 experimur.
1711 1843 1875 1916 Volentes
1885 1842 1951 1914 ita·

544 1986 613 2060 que
625 1967 726 2038 vobis
740 1988 844 2062 super
857 1965 936 2056 boe,
953 1989 1101 2061 quorum
1116 1978 1274 2063 sumptus
1286 1978 1436 2040 etouera
1452 1967 1587 2062 passiva
1601 1966 1859 2062 quodammodo
1873 1985 1952 2062 par·

408 2115 410 2120 ¹
544 2090 742 2186 tioipatione
757 2089 939 2182 sentimus,
953 2091 1100 2182 gratiam
1116 2093 1229 2164 facere
1242 2092 1447 2186 specialem3
1467 2111 1548 2164 ecce
1566 2090 1718 2162 oblatam
1733 2111 1798 2186 per
1810 2111 1873 2162 vos
1888 2111 1951 2184 pe-

545 2214 683 2286 cuniam
708 2236 771 2310 pro
794 2213 942 2308 receptis
965 2213 1166 2308 habuimus,
1187 2235 1294 2308 quam
1312 2215 1363 2288 sic
1386 2214 1487 2288 vobis
1508 2235 1590 2286 cum
1607 2213 1798 2306 gratiamm
1816 2213 1953 2308 placida

545 2338 711 2410 relatione
725 2338 945 2427 remittimus,
961 2349 1000 2410 ut
1013 2338 1049 2409 in
1062 2339 1189 2410 nostris
1202 2338 1345 2412 cessisse
1360 2338 1571 2434 profectibus
1584 2337 1756 2428 videntum
1769 2337 1814 2409 de
1828 2337 1954 2432 quibus

546 2463 574 2532 si
590 2462 675 2557 quid
684 2462 759 2554 iam
775 2461 963 2533 voluntatis
986 2462 1111 2534 ardore
1131 2471 1338 2555 suggerente
1357 2462 1506 2535 solvistis
1519 2461 1555 2532 in
1573 2461 1766 2556 quantitate
1783 2461 1954 2554 generalis

546 2589 690 2660 collecte
710 2587 810 2660 vobis
833 2609 944 2682 nuper
964 2586 1136 2681 imposita,
1157 2587 1186 2659 si
1202 2587 1316 2660 minor
1331 2587 1388 2660 vel
1404 2585 1537 2680 equalis
1559 2596 1613 2659 est
1630 2585 1780 2676 oblatio,
1793 2586 1954 2658 volumus

546 2712 753 2808 computari.
772 2711 872 2796 Quod
889 2711 919 2782 si
937 2711 1069 2783 oblatio
1088 2711 1261 2802 generalis
1280 2711 1368 2783 forte
1385 2711 1530 2784 collecte
1548 2720 1688 2806 superet
1704 2710 1950 2804 mandatam,

547 2857 624 2908 eam
641 2835 821 2908 occasione
833 2833 1016 2906 oblationis
1029 2832 1225 2926 hujusmodi
1238 2834 1400 2906 nolumus
1411 2833 1546 2906 solvere
1558 2855 1622 2906 vos
1633 2834 1756 2907 teneri.
1767 2833 1839 2906 Vos
1850 2833 1956 2924 igitur

547 2969 744 3055 presentem
761 2955 993 3030 munificentie
1006 2969 1123 3030 nostre
1133 2959 1279 3051 gratiam
1294 2957 1521 3051 suscipientes
1533 2955 1844 3048 hilariter,lirmam
1856 2979 1954 3052 vspem

547 3081 778 3175 fiduciamque
797 3081 968 3177 concipite
985 3079 1080 3174 quod
1095 3082 1140 3154 de
1154 3081 1342 3153 rebellibus
1357 3080 1484 3152 nostris
1502 3101 1590 3174 quos
1608 3079 1776 3152 babemus
1792 3081 1830 3153 in
1848 3081 1953 3154 mani·

547 3206 630 3295 bus,
650 3205 768 3277 votiva
788 3205 888 3276 nobis
911 3204 1137 3299 proveniente
1159 3205 1321 3295 victoria,
1341 3203 1470 3276 nostris
1488 3203 1679 3298 vestrisque
1702 3205 1899 3302 sumptibus
1919 3213 1955 3276 et

546 3329 757 3423 sumptuosis
770 3328 947 3400 laboribus
961 3327 1066 3400 finem
1080 3328 1291 3400 laudabilem
1307 3327 1538 3422 imponemus.

470 3933 476 3946 ι
602 3835 833 3942 fridericuS,
857 3836 1115 3919 Romanorum
1140 3837 1365 3945 imperator,
1390 3834 1565 3917 fidelihus
1590 3832 1669 3915 suis
1693 3831 1823 3914 scribit
1848 3830 1953 3940 quod

548 3993 637 4051 curn
659 3968 709 4050 ad
727 3968 880 4077 plenam
897 3968 1159 4051 Parmensium
1178 3967 1471 4050 destructionem
1495 3967 1655 4076 pecunia
1679 3963 1751 4047 sibi
1778 3973 1953 4044 tantum·-

548 4103 664 4184 modo
685 4100 853 4207 deficiat,
875 4101 921 4183 ad
942 4127 1005 4184 eos
1024 4099 1240 4210 Philippum
1261 4099 1475 4182 Patteusem
1501 4099 1721 4210 episcopum
1745 4095 1861 4178 mittit
1881 4121 1951 4204 pro

548 4234 707 4340 pecunia
726 4234 981 4343 recolligenda
993 4246 1031 4316 et
1048 4233 1217 4316 celeriter
1235 4231 1538 4314 naasmittenda.

629 4417 723 4498 (lldlt.
739 4423 771 4479 fn
784 4418 868 4479 Petri
888 4416 924 4478 dc
946 4418 1008 4479 Via
1030 4419 1128 4498 epist,
1143 4420 1196 4480 ffb.
1211 4419 1260 4492 ΙΙ,
1276 4435 1341 4497 cap.
1366 4417 1477 4491 xum
1496 4417 1563 4480 coll.
1585 4433 1654 4478 cnm
1671 4415 1740 4478 cod.
1757 4413 1834 4476 Blbl.
1850 4413 1950 4476 Ceam.

668 4523 871 4604 Parta,soodt
881 4525 1090 4604 Notae-noma,
1104 4535 1137 4586 n⁰
1152 4522 1235 4602 20².)

595 4683 666 4755 Etsi
680 4652 868 4757 ‘nobiscum
884 4652 1069 4774 hacteuus,
1084 4693 1269 4780 postquam
1285 4703 1306 4754 a
1323 4702 1432 4776 reguo
1450 4680 1687 4772 discessimus,
1704 4687 1834 4752 eventu
1852 4677 1950 4750 vario
