4310 5908
510 641 571 704 ¹140
1007 631 1221 697 FllllllllllGl
1245 629 1419 697 suctum
1726 637 1808 719 [Ans.
1826 637 1915 701 lata.

510 773 723 852 Sinceritatie
737 773 855 865 itaque
870 778 986 842 vestre
1001 770 1229 843 constantiam
1243 771 1391 866 proinde
1407 771 1550 844 laudum
1575 771 1682 845 titulis
1697 793 1740 846 eo
1754 774 1917 847 libentius

511 899 728 990 extollimus,
746 917 817 991 quo
834 895 939 989 plena
957 891 1001 965 de
1016 893 1116 966 vobis
1131 893 1222 968 votis
1235 894 1361 967 nostris
1378 894 1609 990 respondente
1626 894 1771 988 fiducia,
1789 919 1854 971 vos
1871 898 1918 972 ad

510 1019 629 1096 no'stra
652 1019 793 1093 servitia
816 1027 995 1114 promptos
1016 1037 1153 1112 semper
1174 1026 1210 1090 et
1235 1019 1425 1092 benevolos
1452 1017 1659 1092 invenimus.
1692 1021 1786 1094 licet
1812 1022 1918 1114 igitur

511 1166 612 1222 casus
625 1146 712 1240 ipse,
731 1145 759 1216 si
771 1163 872 1215 casus
886 1141 954 1214 dici
969 1141 1114 1233 debeat,
1131 1163 1179 1213 ex
1189 1163 1259 1236 quo
1272 1142 1416 1236 negocia
1432 1153 1550 1215 nostra
1565 1165 1636 1216 non
1655 1144 1798 1236 cadunt,
1815 1146 1917 1218 labu-

511 1274 584 1345 lose
599 1269 715 1363 gravis
733 1275 769 1338 et
783 1265 972 1358 vulgariter
985 1264 1147 1338 horridus
1161 1265 1336 1358 videatur,
1351 1285 1416 1338 nos
1428 1274 1545 1339 tamen
1561 1267 1674 1362 ipsum
1689 1289 1753 1362 pro
1770 1269 1839 1341 levi
1856 1289 1918 1341 sen

511 1394 654 1466 minimo
670 1391 889 1486 reputantes,
905 1388 1124 1461 altitudinem
1138 1389 1264 1461 mentis
1276 1397 1395 1461 nostre
1412 1399 1596 1487 propterea
1613 1391 1650 1462 in
1662 1393 1760 1464 nullo
1773 1391 1919 1464 deflexi·

513 1539 608 1608 mus,
623 1537 689 1588 nec
700 1514 772 1585 ulla
786 1514 843 1586 vel
860 1513 994 1584 modica
1006 1531 1110 1584 eausa
1123 1533 1189 1585 nos
1201 1513 1347 1607 proinde
1362 1513 1568 1586 turbationis
1582 1514 1726 1587 allectus
1742 1513 1833 1613 (sic).
1849 1515 1919 1589 Sed

513 1661 594 1713 cum
610 1623 792 1711 ‘bellorum
817 1637 907 1708 lacta
933 1636 1002 1708 sint
1026 1635 1131 1708 dubia
1159 1645 1194 1707 et
1215 1635 1410 1709 screnitatis
1434 1646 1551 1710 nostre
1573 1639 1743 1730 gremium
1764 1639 1921 1712 abundet

513 1763 613 1861 copia
626 1761 793 1853 liliorum,
810 1759 1039 1854 equanimiter
1055 1758 1251 1852 hujusmodi
1270 1780 1361 1833 nova
1377 1761 1599 1856 suscipimus,
1615 1773 1651 1835 et
1666 1772 1783 1835 nostre
1794 1773 1919 1858 poten·

515 1889 561 1961 tie
587 1889 768 1962 dexteram
797 1895 892 1958 tanto
912 1892 1097 1980 propterea
1120 1881 1242 1956 lortius
1265 1883 1301 1955 in
1326 1883 1507 1956 rebellium
1523 1895 1721 1958 nostrorum
1743 1886 1920 1959 excidium

514 2011 697 2083 incitamus
715 2019 751 2079 et
766 2006 930 2100 erigimus
950 2005 997 2078 ad
1019 2004 1224 2097 vindictam,
1248 2016 1379 2102 quanto
1395 2017 1538 2102 propter
1555 2006 1622 2080 hoo
1638 2007 1801 2080 videntur
1816 2029 1919 2105 aper·

515 2135 583 2206 tius
608 2132 720 2205 inanis
738 2131 846 2223 glorie
865 2139 1008 2201 ventum
1028 2140 1063 2200 et
1084 2129 1242 2202 frivolam
1265 2129 1447 2202 resistendi
1476 2131 1655 2202 materiam
1678 2133 1917 2228 assumpsisse.

516 2258 670 2351 Cumque
687 2274 787 2327 casus
801 2251 999 2346 hujusmodi
1016 2252 1171 2344 gladium
1186 2262 1343 2326 nostrum
1358 2262 1518 2349 potenter
1533 2255 1685 2346 acuerit,
1704 2265 1741 2327 et
1761 2255 1797 2328 in
1811 2255 1921 2328 detri-

517 2390 634 2453 menta
655 2400 720 2450 nos
739 2377 888 2450 hostium
913 2375 1151 2448 ardentissime
1167 2377 1380 2472 provocarit,
1400 2377 1620 2468 devotionem
1636 2387 1788 2452 vestram
1803 2378 1922 2452 horta·

518 2525 596 2574 mur
608 2510 739 2574 attente
750 2499 954 2570 mandantes
963 2505 1135 2590 quatenus
1143 2499 1296 2570 rancoris
1306 2499 1490 2592 cujuslibet
1501 2500 1650 2595 speciem
1664 2500 1857 2594 abigentes,
1873 2501 1923 2574 sio

517 2647 613 2700 more
630 2624 731 2698 solito
745 2621 836 2695 circa
852 2630 970 2694 nostra
982 2621 1123 2694 servitia
1138 2620 1357 2694 laudabiliter
1371 2621 1553 2716 insistatis,
1572 2624 1667 2718 quod
1684 2646 1803 2720 spem,
1817 2645 1924 2718 quam

519 2752 563 2824 de
580 2749 679 2823 vobis
692 2745 807 2819 stabili
822 2755 937 2816 mente
953 2744 1194 2839 concepimus,
1215 2745 1403 2818 sentiamus
1424 2746 1459 2818 in
1475 2747 1576 2818 nobis
1596 2748 1631 2819 in
1647 2769 1754 2843 opere
1769 2770 1923 2824 commo·

518 2875 651 2948 dosam.
682 2871 754 2942 Nos
783 2868 874 2941 enim
902 2867 1064 2964 temporis
1092 2868 1270 2941 habilitate
1302 2878 1462 2965 captata,
1489 2871 1539 2942 sic
1563 2870 1683 2943 ultime
1709 2871 1925 2968 depressioni

520 2996 720 3084 rebellium,
736 2991 864 3089 apertis
882 2989 1051 3063 thesauris
1064 2989 1190 3065 nostris
1201 3005 1236 3065 et
1247 2989 1401 3065 fidelium
1415 3004 1613 3066 nostrorum
1626 2995 1788 3069 subsidiis
1800 3017 1925 3090 aggre-

520 3121 626 3216 gatis,
640 3139 764 3191 vacare
781 3113 1013 3210 disponimus,
1033 3110 1128 3208 quod
1140 3116 1271 3189 nedum
1285 3126 1488 3210 cogantura
1504 3117 1613 3215 ceptis
1627 3116 1726 3192 inviti
1740 3117 1922 3215 desistere,

521 3239 584 3318 sed
601 3244 715 3339 potius
734 3235 912 3337 peniteant
925 3238 1106 3334 incepisse.

415 3726 468 3812 ‘0¹2¹
576 3696 805 3806 Fridericus,
839 3699 1098 3783 Romanorum
1133 3698 1358 3808 imperator,
1390 3699 1566 3781 comitem
1598 3695 1845 3781 Thomasium
1877 3696 1927 3778 de

522 3829 713 3916 Sabaudin
749 3830 961 3942 generdem
998 3831 1146 3939 imperii
1180 3830 1349 3938 legatum
1378 3831 1419 3912 in
1450 3829 1678 3914 bombardia
1712 3855 1736 3912 a
1768 3828 1928 3912 flumine

521 3961 684 4044 anbuo
707 3962 880 4070 superius
905 3962 1119 4068 constituit,
1138 3987 1228 4044 cum
1245 3987 1351 4045 mero
1369 3973 1407 4046 et
1427 3963 1547 4045 mixto
1565 3962 1725 4071 imperio
1746 3971 1784 4045 et
1808 3961 1926 4072 gladii

521 4103 721 4200 potestate,
743 4093 853 4202 eique
870 4095 1131 4177 auctoritatem
1151 4094 1389 4204 judiciariam
1413 4094 1630 4204 plenissime
1652 4095 1798 4178 tribuit.

602 4308 696 4386 (Edit.
713 4307 793 4384 apud
805 4307 1005 4383 Gnrcnnrtorr,
1020 4309 1096 4370 flet.
1111 4305 1253 4392 pesato.
1269 4307 1304 4372 dr
1320 4307 1853 4388 emmeramensem.
1870 4317 1926 4386 ⁹²³

639 4420 720 4472 -et
737 4429 785 4489 ap.
802 4413 912 4472 Hister.
934 4414 1052 4492 patrios
1069 4432 1209 4488 monum,
1231 4415 1341 4494 chart„
1355 4423 1429 4476 tom.
1445 4417 1472 4494 1,
1486 4432 1517 4494 p.
1540 4423 1634 4494 1399,
1650 4432 1720 4476 cum
1736 4415 1852 4476 mendis
1867 4414 1929 4476 tans

640 4515 761 4588 eisdem,
777 4517 844 4576 licet
855 4534 894 4577 cx
907 4521 1013 4596 origin.
1027 4519 1058 4579 ln
1072 4519 1153 4580 arch.
1169 4537 1231 4598 reg.
1249 4537 1326 4594 cnr,
1340 4519 1420 4598 Dlpl.
1435 4521 1506 4598 lmp.
1522 4519 1629 4599 insol,
1644 4532 1678 4583 n·
1693 4527 1742 4592 tt,
1758 4520 1837 4581 unde
1853 4535 1928 4596 pen·

644 4621 693 4680 det
707 4619 846 4698 slglllnrn,
869 4623 1055 4700 desumptum
1068 4631 1224 4685 asseratur.
1245 4621 1293 4686 Gt.
1311 4621 1489 4687 documenta
1511 4627 1642 4704 clamem
1661 4629 1748 4706 quant
1768 4621 1927 4701 romum,

522 4759 529 4772 .
641 4731 666 4786 t.
678 4725 717 4804 v,
729 4741 760 4802 p.
776 4733 831 4786 aar
847 4733 985 4806 ακρῳ,
999 4737 1023 4789 r.
1041 4731 1092 4808 vt,
1109 4745 1139 4808 p.
1160 4730 1325 4810 sar-ase.)
