4310 5908
230 627 328 686 rma.
347 619 391 708 u]
674 624 871 688 srsronra
895 623 1192 693 urruouarrca

282 1083 514 1194 Fridericus,
535 1084 793 1170 Romanorum
816 1087 1035 1196 imperator,
1055 1084 1244 1170 Ludovico
1271 1084 1353 1194 regi
1380 1083 1637 1190 Francorum,

230 1217 403 1302 existenti
426 1219 466 1301 in
487 1217 659 1328 partibus
677 1219 952 1328 ultramarinis,
975 1219 1150 1303 condolet
1167 1219 1215 1302 de
1233 1217 1512 1328 disgregatione
1534 1216 1638 1300 clas·

233 1348 285 1431 sis
315 1349 417 1460 ejus,
449 1360 700 1460 precaturque
730 1361 774 1434 ut
798 1352 870 1436 sibi
898 1353 946 1436 de
971 1350 1202 1437 continentia
1229 1361 1350 1434 status
1377 1359 1414 1434 et
1439 1374 1639 1460 processus

230 1483 424 1566 rescribat.

313 1684 408 1764 (Edit.
431 1689 464 1747 tn
481 1686 566 1748 Petri
577 1684 613 1747 dc
631 1684 698 1748 Vin.
714 1686 811 1768 epea,
830 1687 881 1748 ltb.
900 1686 961 1764 111,
981 1704 1047 1764 cap.
1071 1686 1173 1763 xx113
1199 1686 1267 1747 coll.
1290 1701 1360 1746 cum
1378 1683 1472 1746 codic.
1497 1685 1637 1747 Biblloth.

349 1791 448 1854 can.
469 1795 579 1872 Parta,
601 1810 667 1855 unc.
684 1789 777 1874 fonds
801 1789 888 1874 lotia,
908 1802 943 1856 ιι·
964 1803 1055 1873 aaut,
1083 1799 1114 1855 et
1129 1790 1223 1874 sanda
1239 1789 1495 1855 Satur-ammte
1512 1789 1639 1873 Holoy,

350 1907 385 1958 rr
400 1899 485 1979 aas.)

278 2073 499 2167 Frcdericus,
519 2089 603 2171 etc,
619 2080 658 2150 L.
682 2077 806 2150 illustri
821 2078 894 2172 regi
902 2078 1131 2167 Francorum,
1149 2087 1217 2150 etc.
1236 2075 1396 2149 Generali
1411 2095 1481 2168 qua
1497 2085 1641 2149 cunctos
1691 2174 1694 2182 Ι

228 2199 472 2294 amplectimur
494 2199 576 2274 fidei
599 2201 862 2299 participatione
884 2200 1118 2289 christicolas,
1144 2201 1210 2273 sed
1229 2199 1370 2296 speciali
1393 2221 1463 2295 qua
1488 2210 1639 2272 vestram

227 2344 317 2417 pura
334 2323 511 2417 diligimus
531 2324 713 2399 allectione
733 2347 940 2423 personam,
969 2325 1060 2396 inter
1082 2325 1219 2397 diversa
1239 2333 1291 2396 tot
1306 2333 1342 2396 et
1363 2333 1459 2395 tanta
1479 2345 1641 2396 curarum

227 2467 376 2540 genera,
395 2469 464 2542 que
480 2449 745 2542 cogitationibus
763 2450 889 2523 nostris
902 2449 1140 2522 indesinenter
1155 2458 1362 2538 occurrunt,
1380 2447 1545 2544 precipua
1558 2449 1640 2521 red·

227 2567 345 2642 dimur
365 2569 479 2642 cordis
504 2571 682 2644 anxietate
707 2571 865 2660 solliciti,
888 2582 923 2644 et
942 2573 1142 2644 affectamus
1157 2571 1327 2644 instanter
1344 2571 1389 2644 de
1404 2570 1504 2644 vobis
1518 2572 1640 2644 audire

226 2693 383 2767 veridica
398 2716 490 2768 nova
510 2718 579 2788 que
598 2695 772 2792 placeant,
790 2706 826 2768 et
841 2695 930 2768 scire
950 2696 1106 2793 plenarie
1127 2697 1163 2767 in
1182 2697 1286 2767 Terre
1301 2697 1426 2768 Sancte
1446 2695 1638 2768 subsidium

226 2827 343 2890 vestre
361 2818 649 2913 peregrinationis
668 2830 849 2911 eventum,
872 2821 969 2892 velut
985 2819 1046 2915 qui
1069 2819 1179 2918 (teste
1196 2841 1331 2892 summo
1346 2819 1485 2916 judice)
1502 2841 1640 2916 semper

226 2941 339 3036 ipsam
364 2964 484 3015 amore
512 2943 647 3036 negocii
677 2943 952 3017 desideravimus
977 2965 1203 3041 prosperam,
1225 2953 1261 3015 et
1286 2943 1466 3016 affectione
1490 2967 1639 3039 persone
1757 3011 1761 3017 .

226 3086 367 3161 semper
380 3077 542 3141 votorum
559 3067 800 3140 conformitate
818 3068 966 3140 felicem.
987 3069 1039 3140 De
1055 3069 1155 3161 cujus
1173 3067 1278 3140 etiam
1303 3068 1461 3160 ingressu
1481 3067 1637 3162 negocii,

226 3191 325 3263 velut
344 3191 380 3262 in
399 3200 470 3264 tam
485 3189 603 3264 valida
624 3213 742 3263 rerum
765 3201 800 3263 et
823 3201 1018 3288 temporum
1039 3200 1243 3289 tempestate
1262 3200 1415 3282 tentato,
1437 3213 1493 3264 res
1510 3193 1639 3288 quippe

227 3312 365 3386 solliciti
378 3313 484 3408 plena
498 3314 642 3408 timoris,
656 3336 754 3387 amor
766 3337 871 3410 quem
884 3316 932 3388 ad
943 3315 1182 3411 progenitores
1195 3325 1331 3389 vestros
1347 3325 1383 3387 et
1397 3337 1461 3389 vos
1476 3314 1640 3390 habuisse

227 3437 382 3510 suaviter
403 3459 637 3511 memoramur
658 3440 814 3532 illesum,
838 3440 975 3513 timidos
995 3463 1060 3513 nos
1080 3440 1203 3513 crebro
1227 3439 1363 3531 reddit,
1384 3450 1420 3512 ct
1441 3441 1641 3514 multotiens

228 3561 333 3634 etiam
360 3561 522 3636 dubitare
544 3562 658 3656 coegit
680 3586 726 3636 ne
749 3564 839 3637 votis
866 3565 1109 3636 communibus
1132 3563 1302 3636 absonum
1328 3563 1461 3637 infestis
1479 3565 1643 3662 auspiciis

228 3685 363 3758 exitum
380 3687 576 3760 sortiretur.
602 3688 696 3759 luter
711 3687 775 3759 has
799 3688 970 3782 siquidem
989 3687 1185 3760 anxietates
1202 3697 1238 3760 et
1260 3687 1532 3780 sollicitudines,
1556 3712 1644 3782 quas

229 3819 376 3882 aventus
390 3811 498 3883 futuri
513 3811 673 3884 dubietas
687 3813 814 3884 nostris
830 3811 1010 3885 affectibus
1025 3811 1225 3906 ingerebat,
1244 3812 1395 3884 volatilis
1413 3812 1504 3884 lame
1518 3834 1642 3907 garru-

227 3933 329 4026 litas,
346 3934 454 4006 variis
477 3935 633 4010 discussa
655 3937 838 4026 relatibus,
860 3935 1062 4030 supervenit
1080 3961 1089 4006 ε
1107 3955 1175 4028 que
1192 3935 1347 4006 veritatis
1365 3935 1497 4007 utinam
1514 3956 1643 4008 vacuas

228 4057 448 4131 recitationes
466 4070 646 4151 eructans,
663 4059 782 4131 classis
802 4059 896 4151 regie
914 4057 1075 4153 stolium,
1094 4056 1250 4131 fidelium
1271 4057 1403 4131 dudum
1421 4069 1542 4131 sancto
1558 4081 1640 4155 pro-

228 4181 342 4275 posito
359 4204 432 4254 non
449 4183 524 4255 sine
550 4182 686 4275 magnis
710 4183 869 4255 laborum
894 4191 930 4255 et
954 4192 1156 4278 sumptuum
1176 4183 1431 4278 profusionibus
1449 4203 1640 4275 congrega·

230 4315 326 4398 tum,
344 4305 381 4376 in
403 4316 608 4403 tempestate
629 4306 735 4379 maris
757 4316 792 4378 et
807 4305 992 4398 fluctuum,
1014 4307 1141 4401 quibus
1154 4329 1226 4380 non
1241 4306 1308 4378 nisi
1324 4305 1442 4379 divine
1461 4305 1642 4402 potestatis

229 4429 397 4502 autoritas
411 4430 582 4528 imperat,
600 4430 844 4504 colluctatione
860 4441 1045 4504 ventorum
1067 4431 1215 4503 asseruit
1234 4430 1469 4522 disgregatum
1490 4425 1557 4524 (l).
1584 4428 1641 4500 llx

267 4651 302 4726 (4)
320 4651 368 4711 llla
388 4659 533 4728 tempestas
550 4671 621 4728 quaa
637 4654 708 4728 regia
723 4653 848 4713 ludovici
864 4653 978 4712 classem
997 4653 1138 4728 dssipavit
1155 4653 1220 4710 dum
1240 4669 1256 4710 a
1276 4652 1364 4728 cypro
1381 4651 1417 4711 ad
1435 4651 1511 4738 littus
1525 4650 1640 4726 Aegypti

232 4749 367 4822 monet,
380 4751 453 4810 cirea
465 4749 547 4811 mam
559 4749 661 4810 'mensis
674 4751 738 4810 maii
750 4749 857 4810 accidit.
