4306 5914
523 599 584 662 aar
1021 601 1241 666 saturarer-
1263 601 1437 666 succum
1741 605 1824 688 [un.
1841 607 1928 672 rara.

522 735 710 808 medietate
723 734 807 810 lisco
825 747 943 810 nostro
957 746 993 809 et
1007 737 1195 811 medietate
1210 737 1364 832 ipsarum
1376 739 1508 831 reliqua
1522 740 1633 836 passis
1644 739 1807 833 injuriam
1819 742 1929 837 appli-

504 859 648 956 canda.
669 860 725 931 Ad
741 861 844 953 hujus
859 871 976 934 autem
992 871 1111 934 nostre
1128 861 1361 934 concessionis
1373 863 1577 935 memoriam
1591 875 1626 936 et
1642 865 1749 937 robur
1763 876 1930 961 perpetuo

523 982 875 1079 valiturum‚presens
888 985 1055 1081 scriptum
1068 1007 1133 1080 per
1143 983 1337 1058 Iohannem
1355 985 1399 1058 de
1417 987 1534 1082 Capua
1549 987 1725 1060 notarium
1740 998 1776 1061 et
1792 987 1930 1062 fidelem

522 1116 679 1179 nostmm
695 1108 799 1180 scribi
813 1119 849 1181 et
864 1109 976 1202 sigillo
992 1098 1181 1202 majestatis
1192 1121 1311 1181 nostre
1323 1109 1491 1202 jussimus
1506 1111 1726 1184 communiri.

571 1231 697 1304 Datum
712 1232 747 1304 in
765 1233 886 1306 eastris
899 1233 936 1306 in
953 1233 1223 1338 depopulatione
1237 1233 1372 1322 Parme,
1389 1255 1453 1328 per
1469 1255 1592 1308 manus
1607 1235 1763 1330 magistri
1781 1237 1874 1314 Petri
1887 1237 1930 1310 de

523 1349 646 1448 Vinea,
663 1356 851 1455 imperialis
861 1358 946 1428 aule
964 1357 1191 1451 protonotarii
1209 1367 1245 1429 et
1260 1358 1358 1452 regni
1373 1357 1487 1429 Sicilie
1503 1359 1693 1452 logotheta,
1709 1381 1802 1432 anno
1820 1361 1930 1435 dorni·

522 1478 600 1564 nice
626 1480 871 1554 incarnationis
893 1477 1075 1554 millesimo
1096 1481 1333 1555 ducentesimo
1353 1479 1619 1578 quadragesimo
1641 1493 1782 1576 octavo,
1813 1506 1930 1562 mense

524 1602 645 1694 madii,
663 1615 762 1676 sexte
778 1604 987 1697 indictionis,
1001 1605 1194 1702 imperante
1211 1605 1352 1679 domino
1366 1615 1485 1680 nostro
1499 1605 1673 1680 Friderico
1685 1607 1750 1680 Dei
1760 1608 1870 1701 gratia
1882 1607 1931 1679 in-

523 1729 712 1815 victissimo
734 1730 967 1805 Romanorum
994 1729 1202 1831 imperatore
1223 1751 1360 1826 semper
1379 1732 1744 1832 anguuolemsdem
1762 1742 1799 1806 et
1817 1732 1930 1808 Sicilie

524 1875 619 1946 rege,
635 1875 728 1925 anno
741 1854 878 1950 imperii
893 1855 969 1947 ejus
984 1854 1149 1926 vicesimo
1163 1864 1301 1946 octavo,
1320 1855 1418 1948 regni
1430 1856 1618 1931 Jerusalem
1632 1856 1798 1936 vicesimo
1815 1857 1928 1947 tertio,

525 1977 622 2072 regni
639 1999 723 2051 vero
741 1978 855 2051 Sicilie
870 1978 1173 2075 quinquagesimo,
1192 1978 1350 2051 feliciter.
1369 1978 1493 2051 Amen.

579 2611 811 2721 lridericm,
841 2614 1101 2697 Romanorum
1135 2613 1361 2722 imperator,
1394 2613 1524 2696 aaut
1563 2615 1691 2698 comiti
1728 2615 1931 2698 Germano

523 2745 757 2830 ludovicum
793 2773 922 2856 regem
958 2747 1192 2831 Francorum
1228 2745 1269 2827 in
1312 2743 1616 2830 tmnssretatione
1650 2745 1824 2857 proxima
1865 2773 1931 2858 per

525 2878 693 2961 Siciliam
717 2881 967 2963 transiturum
989 2880 1049 2963 rel
1074 2881 1188 2962 etiam
1212 2877 1490 2987 hiematurum,
1524 2881 1757 2992 mandatque
1778 2893 1823 2965 ut
1845 2893 1930 2963 sta-

523 3011 592 3093 tim
612 3038 702 3094 cum
720 3011 841 3095 tribus
858 3011 917 3096 vel
935 3022 1101 3124 quatuor
1117 3011 1199 3094 riae
1217 3011 1329 3102 sociis
1349 3011 1398 3094 ad
1415 3023 1542 3124 partes
1563 3011 1649 3096 sslas
1671 3013 1849 3124 accedat,
1862 3041 1931 3124 pro

406 3140 409 3146 ’
524 3144 737 3256 receptione
755 3143 845 3226 dicti
864 3145 980 3254 regis.

606 3381 707 3462 (lldld.
720 3379 848 3457 Binum,
858 3377 1027 3462 meream.
1039 3381 1066 3456 l,
1076 3399 1106 3460 p.
1120 3392 1191 3461 47⁰3
1202 3381 1270 3444 coll.
1282 3397 1351 3444 cum
1362 3380 1428 3444 ccd.
1443 3379 1753 3460 mutuaturum,
1768 3400 1831 3444 aar.
1840 3379 1933 3466 fonds

644 3484 868 3566 tetrameter,
879 3489 931 3551 lot
948 3497 987 3550 ea
1000 3487 1110 3567 remo.)

573 3697 777 3772 Fredericus
788 3698 988 3793 imperator,
997 3697 1692 3790 ete.,romiticasertano,etc.Crrm,sicnt
1705 3697 1804 3775 firma
1819 3718 1933 3796 nuper

525 3823 693 3896 relatione
706 3823 938 3918 comperimus
952 3833 991 3894 et
1004 3833 1042 3894 te
1055 3822 1093 3893 in
1107 3832 1212 3918 parto
1221 3843 1295 3896 non
1304 3821 1478 3898 credimus
1487 3823 1858 3916 mammillarum
1869 3843 1933 3898 rex

524 3947 734 4021 Francorum
748 3947 894 4020 dilectus
907 3947 1039 4021 amicus
1054 3957 1173 4022 noster
1187 3946 1233 4020 ad
1249 3956 1365 4042 partes
1379 3947 1634 4038 mumadam,
1648 3957 1753 4042 prout
1768 3949 1848 4040 jam.
1866 3948 1934 4022 dra⁴

524 4073 611 4150 dum
623 4073 738 4148 stabili
754 4080 872 4144 mente
884 4070 1067 4166 disposuit,
1086 4071 1309 4145 transtretare
1323 4069 1508 4162 magnilica
1519 4070 1564 4142 ait
1577 4080 1733 4164 paratim
1750 4091 1855 4163 quern
1871 4092 1934 4166 per

525 4206 644 4293 partes
655 4197 771 4270 Sicilie
782 4195 930 4270 censue
943 4195 1033 4272 velle
1046 4204 1247 4272 constanter
1260 4194 1673 4268 arulivimmrelibidem
1686 4195 1833 4268 ciream
1846 4195 1933 4268 iuri-

525 4321 617 4402 dcrit
634 4341 791 4416 pumera,
802 4320 960 4392 nolentes
976 4328 1016 4390 ut
1028 4319 1141 4396 insula
1154 4318 1232 4414 ipsa
1242 4318 1352 4392 nostri
1367 4340 1448 4414 pars
1464 4318 1587 4413 ιώφιο
1600 4320 1759 4414 preclara
1775 4317 1934 4407 dominii,

526 4453 734 4538 tempestate
753 4443 969 4538 proseutimn
986 4443 1206 4534 negotiorum
1224 4452 1265 4517 et
1279 4443 1445 4537 temporis
1466 4442 1685 4535 imminente,
1706 4442 1855 4518 rectoris
1870 4461 1935 4514 sn

526 4567 674 4662 presidis
685 4567 863 4663 presentia
874 4579 993 4641 emeat
1007 4567 1073 4661 qui
1085 4566 1314 4662 pomonalitcr
1333 4575 1454 4641 nostre
1467 4567 1659 4658 majmtads
1675 4566 1859 4644 mentitu
1875 4587 1933 4638 ra·-

525 4703 729 4787 praecum
750 4701 787 4764 et
807 4712 925 4783 regem
945 4691 1062 4786 ipsum
1081 4691 1161 4764 locu
1181 4691 1383 4785 nostrique
1403 4691 1559 4764 decuerit
1578 4689 1717 4764 honora
1734 4689 1881 4786 recipiat
1897 4700 1935 4762 et
