4306 5914
227 666 327 724 nore.
344 662 390 738 a]
654 655 873 720 ⁴ursronra
896 654 1191 720 orenounurce.
1579 657 1638 724 ur

274 793 520 886 Innocentius,
550 801 617 865 etc.
646 791 731 863 Cum
750 801 785 864 te
801 813 865 888 pro
879 790 1021 863 instanti
1037 791 1177 883 negotio
1199 791 1235 862 in
1256 791 1389 864 ltaliam
1411 790 1637 884 destinemus,

226 919 426 995 discretioni
455 928 513 990 tue
545 917 769 1012 promittendi
799 915 943 989 firmiter
965 937 1011 988 ex
1037 925 1134 1012 parte
1163 925 1282 988 nostra
1309 916 1469 989 omnibus
1499 917 1640 1011 prelatis

225 1045 449 1119 ecclesiarum
480 1050 514 1114 et
542 1041 755 1136 principibus
784 1040 997 1113 secularibus
1025 1039 1218 1134 ceterisque
1243 1048 1302 1112 tue
1330 1040 1511 1133 legationis
1543 1041 1639 1114 laicis

224 1169 319 1264 quod
330 1189 395 1240 nos
409 1176 444 1238 et
452 1166 577 1238 iratres
588 1165 698 1237 nostri
714 1186 775 1238 eos
790 1165 827 1238 in
841 1163 1041 1260 hujusmodi
1056 1162 1196 1260 negotio
1211 1165 1410 1238 nullatenus
1421 1165 1636 1256 deseremus,

224 1315 291 1366 nec
306 1313 387 1366 oum
399 1289 438 1364 F.
456 1287 632 1383 quondam
653 1285 862 1384 imperatore
883 1310 1005 1388 pacem
1026 1287 1245 1386 aliquatenus
1264 1285 1544 1362 confirmabimus
1561 1287 1635 1388 (o),

224 1417 273 1488 ita
292 1413 389 1512 quod
410 1413 483 1509 ipse
504 1413 560 1485 vel
579 1411 704 1506 aliquis
720 1411 868 1484 liliorum
885 1413 961 1505 ejus
979 1433 1044 1484 rex
1059 1421 1120 1484 aut
1135 1409 1325 1510 imperator
1340 1413 1480 1504 existat,
1498 1411 1637 1509 plenam
1752 1397 1757 1404 ’

225 1549 260 1612 et
274 1539 421 1611 liberam
438 1535 661 1610 concedimus
677 1535 882 1608 auctoritate
898 1533 1112 1634 presentium
1129 1544 1349 1633 potestatem.

272 1663 399 1737 Datum
417 1659 591 1756 Lugduni,
606 1659 729 1734 Vidns
744 1659 878 1758 aprilis,
892 1681 985 1733 anno
1000 1657 1071 1732 vu.

279 2149 519 2234 innocentius
554 2177 653 2262 papa
673 2151 799 2234 'Petro
835 2150 1019 2234 cardinali
1057 2150 1185 2233 Sancti
1229 2148 1381 2260 Georgii
1417 2149 1636 2232 facultatem

224 2282 397 2366 concedit
418 2283 664 2394 dispensandi
686 2310 774 2367 cum
806 2281 994 2392 religiosis
1021 2282 1081 2368 rel
1104 2279 1337 2367 sacularibus
1367 2280 1435 2392 qui
1461 2279 1551 2366 dato
1576 2280 1636 2365 vel

225 2426 375 2526 recepto
394 2417 524 2528 aliquo
537 2445 608 2527 pro
627 2417 832 2526 beneficiis,
845 2418 1092 2501 simoniacam
1110 2417 1334 2528 pravitatem
1349 2414 1633 2500 commiserunt.

309 2632 408 2712 (uuo.
419 2650 459 2692 ns
468 2632 638 2708 cursurus,
649 2632 728 2696 Hire.
739 2631 774 2693 de
787 2631 817 2694 lo
828 2631 902 2695 lutto
912 2631 1058 2716 despopec
1067 2640 1096 2695 et
1108 2631 1158 2695 det
1168 2647 1341 2714 corporeum,
1353 2633 1554 2714 etc.,t.11,p.
1566 2639 1637 2708 460,

347 2753 385 2798 ex
399 2739 466 2800 cod.
482 2739 592 2812 Barla,
614 2751 647 2800 n⁰
660 2748 753 2815 sota,
767 2739 822 2802 litt.
840 2741 979 2818 curiales,
993 2753 1027 2802 n⁰
1042 2750 1092 2819 ot,
1106 2739 1160 2801 fol.
1178 2749 1214 2802 tt
1228 2737 1341 2820 verm.)

274 2926 497 3000 Innocentius
512 2927 719 3023 episcopus,
744 2949 868 3001 servus
883 2949 1061 3001 servorum
1084 2927 1165 3017 liei,
1187 2927 1227 2999 P.
1244 2926 1335 2999 tituli
1360 2925 1475 2998 Sancti
1503 2923 1641 3018 Georgii

225 3048 273 3122 ad
292 3049 416 3122 Velum
430 3051 587 3124 Aureum
602 3051 751 3125 diacono
771 3053 954 3142 cardinali,
971 3051 1169 3148 Apostolice
1186 3051 1286 3124 Sedis
1299 3053 1426 3144 legato.
1443 3031 1530 3122 Cum
1542 3057 1578 3122 te
1594 3048 1642 3124 art

225 3183 344 3269 partas
365 3174 462 3246 ltalia
482 3197 545 3269 pro
565 3176 659 3248 bono
679 3197 801 3248 earum
823 3185 917 3250 statu
937 3187 972 3248 et
992 3175 1143 3250 Ecclesia
1170 3175 1309 3268 negotio
1333 3173 1572 3270 promovendo
1595 3173 1641 3246 de

225 3299 372 3370 fratrum
386 3309 585 3372 nostrorum
600 3300 744 3374 consilio
759 3301 985 3392 destinemus,
1006 3299 1204 3373 dismetioni
1219 3308 1277 3371 tue
1291 3298 1505 3394 presentium
1522 3307 1643 3370 auoto-

225 3421 327 3494 ritute
350 3425 575 3496 concedimus
595 3435 636 3495 ut
657 3445 738 3497 cum
758 3425 971 3518 quibuslibet
990 3422 1160 3517 religiosis
1174 3424 1232 3496 vel
1249 3422 1463 3496 secularibus
1483 3421 1642 3518 personis

225 3554 285 3618 tue
301 3547 496 3639 legationis,
513 3549 764 3644 cujuscumque
775 3548 846 3620 sint
858 3547 1004 3640 ordinis,
1021 3569 1091 3642 que
1109 3548 1193 3621 date
1207 3547 1325 3642 aliquo
1339 3567 1404 3643 pro
1419 3545 1642 3640 acquirendis

225 3671 284 3743 vel
298 3683 440 3767 recepto
455 3693 520 3768 pro
535 3672 746 3746 exhibendis
762 3673 846 3745 locis
862 3673 897 3744 in
909 3673 1140 3764 monasteriis,
1156 3671 1405 3746 commiserunt
1417 3671 1640 3746 simoniacam

226 3794 448 3888 pravitatem,
459 3795 572 3890 possis
588 3793 904 3892 dispensurc,sicut
915 3795 1046 3868 videris
1059 3795 1239 3892 expedire,
1251 3816 1324 3867 non
1338 3795 1500 3868 obstante
1514 3793 1641 3868 cousti-

228 3915 362 3989 tutione
376 3919 549 3990 contraria
562 3919 729 4012 generali.

276 4041 405 4114 Datum
416 4043 591 4135 Lugduni,
606 4043 668 4115 XV
683 4041 850 4115 kalendas
865 4043 959 4135 maii,
975 4063 1070 4116 anno
1086 4042 1156 4115 Vll.

273 4211 314 4294 (a)
336 4216 661 4299 Altusreformabimm.

265 4497 306 4556 tc
325 4499 449 4558 eumdem
467 4505 498 4558 ut
517 4499 614 4560 iratres
630 4499 731 4558 ordinis
744 4499 969 4558 Tbeutonicorum
987 4504 1015 4556 et
1032 4498 1099 4556 alios
1116 4497 1257 4574 religiosos
1278 4495 1413 4568 Ecclesiae
1433 4495 1546 4558 rebellas
1560 4497 1640 4559 bonis

230 4579 288 4652 suis
299 4597 442 4670 exspoliet.
456 4597 593 4671 Lugduni,
606 4597 669 4656 xllt
681 4595 813 4658 kelandas
825 4597 888 4655 maii
902 4600 946 4670 (⁴9
960 4596 1071 4670 aprilis).

266 4691 308 4750 td
325 4691 439 4750 electum
456 4693 629 4752 Turrimmm
649 4696 720 4769 quod
737 4692 879 4768 legationis
901 4694 1018 4752 officium
1035 4690 1165 4752 adversm
1182 4690 1346 4752 sudeam
1363 4707 1491 4752 exercere
1506 4693 1595 4754 valeat
1613 4693 1642 4752 in

233 4787 355 4847 Sardinia
366 4796 396 4848 at
408 4789 526 4849 Corsica.
537 4791 668 4864 tugost
680 4789 716 4850 ill
726 4791 787 4852 idm
798 4791 866 4865 iunii
879 4791 922 4865 [to
932 4791 1020 4864 juniii.

313 4889 365 4951 Π.
384 4904 472 4949 ΡΜ.
1464 4899 1499 4951 91
1600 4895 1606 4906 ’
