4318 5904
812 589 1127 654 austrebertus.
1609 591 1669 656 901

264 731 342 804 tulit
357 739 604 804 exsecutumm
617 725 664 799 ad
680 725 883 798 memoriam
899 725 1149 800 recordationis
1163 736 1281 800 nostre
1297 723 1504 825 [revocarat]
1521 735 1556 798 et
1572 726 1674 798 beni·

262 855 415 928 volentia
434 863 552 926 nostre
572 848 812 940 clementiam,
831 871 900 943 que
920 859 954 921 te
969 861 1135 945 tanquam
1149 851 1448 945 consanguinitate
1460 859 1496 922 et
1507 849 1674 924 affinitate

260 979 407 1052 sinceris
422 976 604 1052 affectibus
619 975 853 1069 amplexatur,
878 973 961 1046 satis
983 973 1050 1046 sibi
1065 975 1255 1071 propiciam
1272 974 1460 1067 flagitaret,
1479 984 1515 1047 et
1529 975 1674 1070 epistola

263 1104 355 1175 lecta
371 1099 420 1198 (a)
435 1099 645 1196 complacuit
667 1106 703 1170 et
722 1097 869 1191 legentis
888 1097 1093 1171 industriam
1117 1109 1214 1172 tanto
1230 1099 1330 1172 nobis
1348 1097 1424 1197 (sic)
1442 1099 1676 1195 circumspec-

264 1236 336 1298 tam
354 1223 404 1322 (b)
417 1233 549 1318 quanto
569 1221 680 1294 nostri
700 1220 843 1294 bonoris
862 1220 1005 1293 avidum
1025 1231 1058 1294 te
1081 1222 1155 1294 iore
1169 1221 1412 1316 cognovimus,
1429 1231 1465 1294 et
1480 1221 1675 1296 dovotionis

263 1349 366 1423 avide
380 1347 606 1444 propaginem
623 1347 832 1420 transfusam
850 1345 1098 1441 perpendimus
1118 1347 1154 1417 in
1171 1356 1347 1442 nepotem.
1365 1345 1410 1419 Ut
1422 1346 1506 1418 sciat
1517 1346 1621 1439 igitur
1636 1367 1674 1418 se

264 1475 379 1548 littera
402 1472 499 1567 quod
517 1471 617 1567 petiit
634 1471 857 1566 impetrasse,
879 1469 966 1542 scire
984 1479 1018 1542 ta
1034 1465 1196 1543 volumus
1211 1470 1306 1564 quod
1321 1481 1378 1543 tue
1396 1470 1675 1566 circumspectio·

264 1599 320 1670 nis
332 1597 531 1696 ymaginem
558 1605 755 1669 nostrarum
779 1594 1027 1688 cogitationum
1051 1595 1168 1668 animo
1183 1593 1229 1692 (l)
1248 1595 1516 1692 conscripsimus
1530 1594 1678 1689 etquasi

265 1731 464 1820 presentem
482 1717 611 1793 uostris'
622 1719 820 1816 aspectibus
836 1718 1024 1791 intuemur.
1043 1719 1191 1792 Nuntios
1203 1729 1320 1791 autem
1336 1730 1431 1810 tuos,
1456 1741 1545 1814 quos
1567 1729 1607 1791 ut
1631 1717 1679 1793 ad

266 1867 425 1918 cesareas
437 1845 585 1918 redeant
599 1844 783 1917 relationes
799 1842 844 1915 ad
858 1852 976 1915 nostre
994 1843 1183 1937 majestatis
1198 1844 1389 1940 potentiam
1405 1843 1530 1916 asseris
1545 1853 1578 1915 te
1594 1843 1678 1916 mis·

266 1992 406 2062 surum,
432 1978 529 2041 tanto
549 1977 728 2062 gratanter
749 1977 783 2039 et
796 1965 986 2039 honorifice
1000 1969 1226 2063 proponimus
1241 1968 1396 2064 recipere
1412 1976 1543 2061 quanto
1556 1988 1678 2063 perso·

267 2115 349 2166 uam
375 2092 637 2165 transmittentis
659 2093 778 2164 lavore
806 2089 1069 2186 complectimur
1091 2092 1245 2187 speciali.
1271 2092 1399 2186 Siqua
1430 2113 1514 2164 vero
1539 2091 1678 2164 suntin

268 2217 415 2313 imperio
432 2225 467 2288 et
478 2214 730 2310 regnisnostris
746 2236 815 2308 que
835 2214 896 2286 tibi
912 2225 1011 2306 grata
1024 2215 1216 2306 resideant,
1235 2216 1271 2287 in
1284 2217 1518 2308 gratianostre
1530 2215 1679 2288 secunde

268 2341 466 2438 presagium
496 2341 644 2412 libenter
675 2338 869 2428 offerimus,
906 2349 942 2411 et
974 2339 1091 2411 oblata
1126 2341 1289 2412 libentius
1319 2341 1434 2437 operis
1464 2339 1680 2412 exhibitione

270 2463 537 2561 complebimus,
565 2486 645 2537 cum
679 2461 876 2559 superbiis
905 2463 1163 2558 imperatoriam
1189 2465 1365 2562 requirere
1383 2464 1536 2538 volueris
1554 2465 1681 2558 majes-

271 2599 390 2662 talem.

488 2771 1470 2784 u-——n———n--m—-m

325 3039 558 3148 Friderious,
592 3042 853 3126 Romanorum
885 3043 1105 3152 imperator,
1133 3067 1204 3152 pro
1235 3043 1354 3150 gratis
1390 3041 1550 3126 servitiis
1581 3066 1681 3152 quse
1705 3058 1885 3130 samba

272 3171 446 3255 homines
473 3174 663 3284 Tragurii,
683 3175 731 3258 de
749 3175 920 3285 partibus
948 3175 1159 3259 Dalmatiae
1185 3175 1285 3258 ultra
1311 3201 1436 3282 mare,
1466 3175 1538 3258 sibi
1570 3176 1682 3259 exbi-

272 3303 389 3388 buere
407 3308 649 3414 studuerunt,
670 3309 725 3390 eis
745 3310 916 3394 concedit
934 3321 977 3393 ut
996 3308 1137 3420 ubique
1154 3335 1221 3418 per
1240 3335 1402 3419 regnum
1420 3309 1570 3393 Siciliae
1587 3309 1682 3393 salvi
1773 3397 1782 3408 ,

273 3448 311 3522 11
330 3440 451 3524 securi
469 3441 703 3524 incedentia
721 3443 892 3551 personis
911 3452 948 3525 et
965 3441 1079 3525 rebus
1096 3467 1244 3525 eorum.

355 3655 448 3736 (lldit.
464 3674 514 3734 ap.
529 3658 643 3718 Josnu.
663 3657 806 3735 Lucrum,
820 3658 863 3719 111
880 3674 970 3739 repca
983 3655 1148 3718 Delmatiae
1161 3663 1190 3717 et
1207 3657 1357 3736 croatiae,
1373 3656 1426 3720 llb.
1446 3657 1500 3734 IV,
1516 3675 1548 3736 p.
1565 3664 1685 3731 164,11

396 3781 445 3840 ap.
459 3763 606 3842 Duuonr,
623 3763 715 3846 Colpe
725 3761 890 3845 diplomat,
904 3772 976 3825 tom.
990 3766 1022 3845 1,
1037 3782 1067 3841 p.
1084 3773 1158 3844 119;
1172 3764 1263 3826 ambo
1280 3771 1379 3826 mmcn
1396 3765 1496 3844 quoad
1510 3768 1583 3826 annl
1596 3772 1686 3826 nota·

395 3873 507 3930 tloncm
520 3873 626 3931 attinet
636 3869 766 3950 lnoartl.)

323 4055 533 4150 Fridericus,
552 4057 615 4131 Dei
631 4059 741 4152 gratia
756 4060 991 4131 Romanorum
1007 4059 1209 4154 imperator,
1227 4078 1367 4154 semper
1382 4065 1568 4152 angustus,
1586 4057 1687 4130 Jeru-

276 4183 384 4254 salem
397 4192 431 4255 et
445 4182 559 4255 Sicilie
572 4205 655 4276 rex,
673 4183 846 4256 universis
860 4183 896 4254 in
912 4202 1022 4276 regno
1038 4182 1153 4256 Sicilie
1166 4181 1363 4254 constitutis
1372 4181 1499 4274 quibus
1509 4190 1690 4277 presentes

276 4307 391 4379 littere
406 4306 535 4379 luerint
547 4315 703 4400 ostense,
724 4306 885 4380 fidelibus
894 4307 1140 4401 suis,gratiam
1154 4327 1253 4378 suam
1267 4313 1302 4377 et
1314 4305 1443 4378 bonam
1457 4307 1685 4379 voluntatem.

276 4430 422 4503 Noverit
454 4430 662 4504 universitas
681 4441 798 4506 vestra
821 4432 916 4528 quod
940 4452 1004 4504 nos
1032 4430 1216 4525 benignius
1242 4430 1465 4502 attendentes
1490 4438 1589 4522 grata
1615 4451 1690 4501 ser·

317 4603 362 4688 (a)
384 4605 421 4672 ln
434 4607 535 4670 codice
552 4604 660 4690 epate

321 4711 362 4792 (l)
383 4714 419 4774 1n
433 4713 534 4774 111111
547 4713 802 4795 ammplam,
816 4721 847 4777 et
860 4713 938 4776 lutra
949 4713 1232 4795 amensamens,
1252 4711 1341 4776 male.

359 4819 411 4883 lll.
433 4835 489 4882 rm
501 4836 524 4880 a.
1476 4826 1534 4886 tlt
