4300 5916
510 549 572 613 aaa
1045 537 1228 618 counanr
1252 553 1404 629 ouanrr
1730 553 1812 634 [aa.
1829 552 1916 616 raas.

512 687 649 758 demus.
666 687 722 761 Ad
740 689 840 782 cujus
862 689 912 760 rei
927 691 1131 762 memoriam
1145 699 1181 762 et
1193 689 1352 762 stabilem
1363 686 1580 780 firmitatem,
1595 710 1739 786 presens
1751 691 1917 786 scripturn

513 809 588 884 fieri
604 811 748 884 fecimus
760 813 873 906 sigillo
888 823 1006 887 nostre
1021 815 1235 888 celsitudinis
1249 815 1463 888 robomtum.

560 935 648 1009 Acta
671 949 752 1008 sunt
775 935 841 1010 hec
860 959 953 1010 anno
975 939 1148 1012 dominico
1171 939 1418 1012 incarnationis
1439 938 1664 1028 namnet,
1684 960 1804 1012 mense
1811 939 1914 1031 julio,

513 1033 701 1132 indictione
719 1060 829 1133 tertia.

562 1182 686 1254 Datum
702 1184 858 1270 Verona,
875 1206 990 1276 anno,
1011 1206 1131 1258 mensa
1142 1195 1178 1257 st
1192 1185 1381 1257 indictione
1397 1185 1606 1280 prescriptis.

726 1499 960 1510 —n——m-
965 1501 996 1510 ..ο
1000 1501 1062 1510 ,ιο-ι
1066 1501 1713 1512 -ο--α--ω--ιοικ-ισ--ιι--ι--ι-

571 1782 789 1890 Conradus,
818 1784 859 1863 in
886 1782 1146 1866 Romanorum
1171 1807 1300 1890 regem
1330 1783 1492 1888 electus,
1521 1779 1705 1890 magistro
1732 1779 1918 1864 Friderico

341 1860 384 1945 ἰ·
459 1879 469 1945 ’·
516 1915 626 1998 fabro
661 1915 901 2024 imperatoris
935 1915 1113 1998 friderici
1154 1915 1339 2024 promittit
1369 1915 1474 2025 quod
1509 1915 1720 1998 custodiam
1761 1912 1919 1996 forestae

517 2075 607 2132 suae
640 2050 688 2132 de
719 2047 925 2157 Haginowe
963 2048 1284 2159 quandocumque
1323 2074 1456 2131 vacare
1485 2046 1710 2156 contigerit,
1743 2045 1919 2128 Diemaro

513 2181 684 2292 ejusdem
704 2179 881 2264 friderici
896 2180 1094 2292 privigno,
1114 2179 1190 2264 alia
1215 2206 1377 2290 persona
1403 2179 1560 2263 omnino
1578 2177 1750 2286 exclusa,
1771 2177 1918 2262 libera-

512 2313 599 2397 liter
621 2313 843 2398 committet.

595 2548 718 2628 (lnedft.
732 2567 769 2609 cx
784 2549 918 2628 originali
931 2551 963 2609 fn
974 2548 1109 2610 biblioth.
1122 2553 1253 2610 unlvers.
1269 2549 1468 2628 Heidelberg..
1483 2553 1570 2628 cujus
1583 2551 1697 2627 coptam
1712 2548 1863 2609 nobiscnm
1879 2548 1917 2641 cl.

636 2658 683 2716 vfr
695 2661 726 2716 et
739 2657 851 2716 amicus
864 2655 1043 2715 Bochmerus
1058 2653 1312 2734 communicavit.)

561 2869 756 2960 Conradus,
782 2866 855 2940 divi
879 2867 1016 2960 augusti
1039 2867 1256 2961 imperatoris
1282 2867 1442 2940 Friderici
1461 2866 1569 2958 filius,
1588 2867 1651 2939 Dei
1667 2867 1784 2960 gracia
1797 2869 1920 2939 Roma·

512 3015 636 3066 norum
661 2993 696 3062 in
722 3012 840 3083 regem
867 2991 1014 3081 electus,
1044 3013 1181 3086 semper
1203 3003 1370 3083 augustus
1392 3002 1427 3063 et
1456 2990 1558 3064 heres
1591 2991 1688 3084 regni
1714 2992 1916 3063 ierusalem.

512 3119 645 3189 Tenore
658 3115 871 3211 presentium
887 3126 1008 3186 notum
1023 3117 1275 3187 essevolumus
1291 3115 1478 3206 universis,
1500 3125 1570 3188 tam
1582 3115 1800 3212 presentibus
1815 3137 1920 3210 quam

512 3242 656 3331 futuris,
680 3240 776 3336 quod
796 3261 859 3312 nos
882 3240 927 3311 de
948 3240 1088 3336 speciali
1103 3239 1267 3312 mandato
1282 3240 1489 3312 serenissimi
1500 3241 1650 3332 Cesaris,
1669 3240 1800 3314 domini
1814 3241 1920 3335 patris

511 3365 637 3456 nostri,
657 3363 889 3459 promittimus
910 3360 1055 3435 firmiter
1078 3364 1242 3456 magistro
1266 3363 1459 3454 Friderico,
1483 3365 1581 3437 fabro
1606 3365 1762 3459 ejusdem
1789 3363 1919 3436 domini

512 3490 678 3582 genitoris
691 3489 820 3578 nostri,
835 3498 875 3559 ut
889 3488 1169 3582 quandocunque
1181 3487 1374 3560 custodiam
1392 3489 1519 3560 foreste
1536 3497 1652 3560 nostre
1669 3488 1713 3560 de
1728 3488 1919 3580 Haginowe

512 3635 559 3686 ex
581 3613 679 3686 obitu
702 3613 893 3704 Veldungi,
920 3611 1088 3684 forestarii
1117 3611 1226 3683 nostri
1250 3611 1285 3682 in
1310 3611 1521 3704 flaginowe,
1546 3635 1607 3683 seu
1620 3613 1738 3705 aliquo
1752 3613 1820 3683 alio
1836 3633 1918 3683 casu

511 3757 637 3809 vacare
661 3735 887 3829 contingerit,
917 3757 994 3806 eam
1016 3735 1176 3807 Diemaro
1197 3735 1358 3830 privigno
1383 3756 1467 3825 suo,
1504 3731 1599 3806 fideli
1628 3745 1767 3825 nostro,
1793 3735 1860 3806 civi
1883 3733 1919 3804 in

511 3861 717 3953 Haginowe,
728 3861 831 3953 juxta
843 3859 1037 3954 predictum
1046 3858 1224 3954 imperiale
1238 3857 1458 3946 mandatum,
1470 3856 1630 3951 precibus
1639 3857 1916 3948 cujuslibetalte·

511 3987 584 4057 rius
611 4006 759 4081 persone
776 3985 916 4057 omnino
935 3983 1103 4074 exclusis,
1127 3981 1315 4054 liberaliter
1330 3981 1598 4054 committamus.
1614 3980 1714 4054 Unde
1727 4002 1791 4076 pro
1804 3981 1919 4051 futura

510 4111 725 4184 memoriast
742 4108 877 4182 cautela
894 4107 1051 4201 ejusdem
1066 4105 1232 4197 Diemari,
1249 4127 1392 4201 presens
1408 4105 1574 4199 scriptum
1590 4103 1672 4176 inde
1688 4101 1762 4175 fieri
1776 4104 1919 4176 fecimus

510 4233 624 4326 sigillo
637 4244 755 4305 nostro
774 4231 959 4304 munitum.

559 4359 685 4430 Datum
710 4356 805 4451 apud
831 4356 1038 4446 Taurinum,
1068 4374 1161 4425 anno
1187 4353 1358 4426 dominice
1383 4351 1633 4425 incarnacionis
1655 4351 1838 4424 millesimo
1852 4349 1917 4423 du·

511 4482 699 4556 contesimo
710 4479 976 4576 quadragesimo
990 4478 1113 4573 quinto
1125 4530 1135 4569 ,
1148 4477 1259 4573 primo
1270 4477 1424 4569 augusti,
1441 4477 1547 4549 tercie
1562 4473 1770 4548 indictionis.
