4318 5904
720 625 847 686 lunai
872 621 1218 688 uocunnuuontiit.
1613 621 1673 683 975

477 947 566 1026 rlpud
644 983 684 996 -
703 951 804 1012 Tleolo
815 951 853 1013 de
864 951 944 1014 Colle
954 953 1064 1013 7177717
1076 953 1233 1012 maritatus
1244 949 1379 1011 Senensis
1391 946 1514 1007 mundat
1525 953 1560 1007 ut
1572 947 1611 1008 ad
1624 965 1674 1010 re-

426 1044 612 1106 Fuoblolum.
683 1050 872 1126 quisltlonem
885 1049 1001 1111 abbatis
1017 1049 1117 1110 Sanotl
1129 1049 1290 1110 salvatoris
1303 1046 1339 1106 de
1352 1045 1453 1105 Monte
1465 1046 1584 1105 11771777
1601 1062 1672 1122 par·

683 1151 728 1206 tes
746 1147 782 1206 de
800 1149 980 1224 possesslorm
997 1149 1085 1207 casiri
1108 1146 1193 1206 Plani
1213 1144 1394 1221 Castegnurli
1415 1142 1623 1202 oontendentee
1641 1143 1672 1203 ln

683 1242 765 1303 breui
777 1245 1099 1323 terminoadmaguam
1112 1243 1292 1320 imperialem
1304 1242 1576 1312 7771777777777.
1612 1248 1671 1302 777
1797 1249 1801 1258 ’

256 1365 295 1415 77
308 1357 393 1433 april,
450 1355 586 1419 77777177,
642 1379 684 1394 -
702 1348 851 1410 Frlderleo
868 1351 906 1411 da
918 1350 1075 1412 Antiochia
1090 1349 1234 1427 imperiali
1247 1350 1280 1409 ln
1294 1349 1402 1408 Tuscia
1418 1348 1528 1406 vicario
1543 1346 1671 1424 generali

682 1446 806 1506 mandat
829 1453 865 1507 ut
890 1465 977 1525 super
1004 1451 1144 1524 petitione
1172 1447 1287 1507 abbatis
1314 1445 1416 1506 Sancti
1445 1444 1605 1505 Salvatorls
1634 1445 1672 1506 de

683 1542 784 1602 Monte
796 1542 915 1603 Amlato
928 1559 982 1620 pro
995 1550 1125 1604 77777777
1144 1543 1242 1604 Plebis
1256 1544 1293 1603 de
1310 1541 1435 1603 lamule
1447 1541 1610 1602 seeundum
1621 1546 1670 1619 jus

681 1640 828 1716 procedat
1612 1647 1668 1701 777

278 1752 368 1811 malo.
476 1751 561 1814 Pisis.
642 1745 760 1804 -Pro
783 1747 875 1823 gratis
897 1748 1026 1806 servitiis
1044 1745 1147 1806 liberti
1169 1745 1348 1806 marchionis
1366 1745 1554 1822 Pellavlolnl‚
1574 1746 1669 1806 eidem

679 1841 843 1902 7777771771
855 1845 948 1904 multa
961 1850 1057 1905 eastre
1070 1845 1101 1903 ln
1117 1843 1333 1920 episcopatibus
1349 1842 1489 1914 Parmae,
1504 1843 1669 1904 Placentiae

680 1944 709 2000 77
726 1939 884 2001 Cremonae
903 1944 959 2001 sita
978 1958 1046 2003 enm
1069 1943 1246 2020 appenditiis
1269 1957 1370 2002 eorum
1392 1945 1422 2000 77
1440 1943 1510 2017 jure
1529 1940 1668 2019 exigendi

678 2036 802 2115 pedagia
815 2055 866 2115 per
878 2038 992 2100 Padum
1006 2041 1139 2100 coneedit
1153 2046 1182 2100 et
1196 2037 1363 2100 confirmat.
1609 2047 1666 2100 777

253 2151 290 2202 75
308 2148 388 2206 77711.
445 2144 579 2222 Neapoli.
638 2173 678 2185 —
698 2141 798 2202 'lioolo
811 2141 847 2203 de
861 2143 942 2204 Colle
956 2146 1065 2205 vicario
1079 2145 1178 2206 senoil
1191 2145 1302 2218 inrlol
1316 2149 1346 2204 et
1358 2144 1542 2220 episcopatus
1555 2143 1666 2204 Senen-

680 2240 720 2298 sis
733 2240 855 2300 mandat
869 2248 903 2301 nt
917 2245 1091 2302 sententiam
1105 2259 1227 2320 magnae
1244 2259 1314 2302 suae
1329 2244 1427 2302 777177
1445 2248 1546 2302 eontra
1560 2258 1666 2318 procu-

679 2341 805 2396 ratorem
819 2338 965 2399 Fredericl
977 2346 1007 2398 77
1020 2342 1147 2418 Peponls
1159 2341 1270 2400 oivlum
1284 2339 1457 2399 Senenslum
1470 2355 1557 2415 super
1570 2345 1667 2400 oestro

681 2431 762 2492 Plani
790 2434 970 2512 castagnarii
992 2439 1023 2496 io
1044 2437 1175 2497 levorem
1197 2434 1312 2496 abbatis
1330 2435 1430 2495 Sancti
1450 2435 1611 2496 salvatoris
1631 2437 1668 2496 de

679 2529 779 2590 Monte
791 2531 908 2592 Amlato
922 2533 1024 2610 latam,
1040 2535 1071 2593 in
1085 2535 1229 2610 praesenti
1243 2534 1349 2609 exequi
1363 2549 1422 2592 non
1438 2534 1565 2594 omittat.
1609 2541 1666 2594 777

407 2680 620 2703 .......
641 2666 677 2678 -
697 2635 820 2696 Mandat
840 2636 902 2697 11117
924 2655 976 2698 777
996 2645 1031 2699 77
1049 2640 1176 2717 aliquem
1196 2637 1395 2698 Lomberdum
1414 2637 1503 2716 eligat
1522 2645 1553 2697 et
1569 2640 1667 2716 ipsum

677 2729 716 2790 ad
741 2733 897 2809 regendam
918 2736 1067 2795 civitatem
1089 2735 1266 2796 1777717777
1285 2734 1390 2795 debeat
1412 2734 1560 2794 destinare
1583 2735 1666 2795 lesti-

676 2834 792 2888 uanter.
1607 2840 1666 2892 775

404 2981 620 3004 .......
636 2967 676 2977 -
696 2934 803 2994 Soribit
822 2935 1055 2999 Bononiensibus
1075 2940 1154 3016 quod
1177 2956 1238 2999 non
1259 2939 1375 2999 elevent
1396 2954 1428 2998 se
1446 2939 1477 3000 ln
1499 2938 1666 3015 superbiam

675 3039 793 3108 propter
803 3036 956 3097 victoriam
967 3037 1098 3096 habitam
1108 3038 1144 3096 de
1154 3037 1281 3097 ilenrico
1290 3036 1352 3096 dlio
1362 3053 1427 3108 suo,
1436 3036 1554 3113 etquod
1562 3040 1665 3096 incon-

675 3132 779 3191 tinenti
793 3131 916 3193 liberent
929 3151 996 3194 eum
1010 3152 1078 3195 oum
1093 3135 1229 3195 omnibus
1243 3136 1309 3196 allis
1320 3151 1395 3212 quos
1407 3141 1557 3213 ceperunt.
1606 3143 1664 3196 777

404 3278 542 3300 .....
571 3285 581 3302 .
609 3268 676 3300 .-
693 3235 881 3314 Regnatiatur
911 3244 1060 3302 communi
1093 3241 1255 3300 Mutinensi
1283 3240 1393 3300 dolenti
1420 3240 1458 3299 de
1491 3256 1562 3300 casu
1588 3241 1665 3318 regis

674 3331 842 3406 Sardiniae,
858 3343 1015 3414 monetque
1033 3344 1067 3398 nt
1085 3335 1190 3397 iulide
1206 3354 1260 3396 sua
1273 3342 1470 3415 perseverent,
1485 3353 1577 3414 quum
1592 3339 1665 3400 ulti·

674 3446 739 3490 mae
751 3430 903 3492 rebellium
918 3450 1039 3494 suornm
1052 3434 1231 3510 depressioni
1245 3450 1350 3494 777777
1363 3433 1512 3509 disponet.
1606 3443 1662 3498 779

267 3538 363 3611 Ι17717.
424 3532 595 3596 Beneventi.
635 3563 674 3576 —
693 3532 836 3595 Comitem
851 3535 1041 3598 Thomasium
1056 3539 1094 3598 de
1111 3537 1259 3599 sabaudia
1272 3539 1438 3624 generalem
1455 3540 1568 3614 imperil
1582 3538 1662 3618 lega·

673 3635 737 3690 tum
758 3633 789 3690 in
807 3631 985 3693 Lomberdla
1007 3651 1025 3694 a
1045 3635 1168 3695 flumine
1190 3635 1317 3695 Lambro
1339 3637 1471 3711 superine
1491 3638 1661 3714 7777717717,

672 3743 739 3786 oum
753 3743 836 3787 mero
849 3735 879 3788 et
892 3732 987 3790 mixto
1000 3733 1122 3808 imperio
1136 3737 1166 3791 77
1179 3732 1269 3808 gladii
1282 3737 1439 3809 potestate,
1452 3737 1510 3794 717.
1603 3743 1658 3795 777

246 3840 279 3890 71
293 3835 381 3910 Junli.
423 3833 594 3896 Beneuenti.
632 3861 672 3874 -
691 3831 798 3892 Comlti
813 3834 971 3896 Thomaslo
988 3838 1024 3897 de
1038 3837 1185 3897 Sabaudia
1198 3854 1251 3914 pro
1267 3839 1356 3915 gratis
1372 3841 1436 3914 ejus
1449 3840 1574 3898 seruitiis
1587 3855 1661 3898 oon-

670 3929 749 3989 eedlt
766 3937 799 3990 nt
823 3933 855 3990 ln
875 3935 994 3992 civitate
1014 3936 1185 3995 Taurinensl
1206 3935 1362 4012 pedagium
1381 3934 1481 3993 doeem
1501 3934 1660 3996 solidorum

670 4033 801 4086 monetae
819 4030 1007 4103 provincialis
1022 4030 1060 4089 de
1072 4046 1261 4106 quocumque
1274 4029 1391 4089 trosello
1405 4030 1519 4107 exiget,
1535 4047 1658 4108 eompu-

669 4124 1074 4203 tatoinbooveierlseptem
1088 4129 1247 4188 solidorum
1263 4127 1398 4204 pedagio.
1600 4137 1657 4190 717

421 4226 592 4292 Beneventi.
631 4261 668 4273 -
690 4229 846 4290 Gnillelmo
859 4232 1005 4292 Tnnnono
1020 4236 1081 4293 slve
1094 4235 1231 4294 Turrionl
1241 4234 1348 4293 Terrae
1362 4231 1481 4292 Laboris
1495 4239 1525 4291 et
1536 4235 1658 4294 eomita-

670 4333 718 4386 tus
735 4329 841 4388 blolisli
859 4333 999 4406 magistro
1017 4332 1175 4390 camerario
1188 4329 1309 4389 mandet
1321 4335 1356 4389 ut
1368 4329 1517 4388 Gualterio
1532 4328 1569 4388 de
1582 4329 1658 4390 Ocra

668 4421 761 4482 electo
774 4423 913 4499 Capuano
922 4427 1035 4485 77771771
1048 4426 1137 4485 177177
1149 4427 1248 4485 omnia
1256 4425 1336 4484 bone
1347 4440 1423 4500 qnae
1436 4423 1587 4500 quondam
1600 4425 1658 4486 Pe·

668 4521 731 4575 trus
747 4517 784 4577 de
805 4520 898 4579 Vinea
916 4520 1056 4595 proditor,
1073 4521 1163 4580 177777
1180 4527 1209 4579 77
1226 4519 1331 4580 7111777
1350 4523 1413 4596 eJ'us
1431 4535 1449 4578 e
1471 4524 1657 4582 concessione

667 4614 804 4673 ecelesiae
818 4615 1182 4693 Capuanaepossidebant.
1598 4626 1655 4679 717

396 4758 404 4776 .
432 4761 440 4777 .
465 4761 473 4778 .
496 4761 503 4777 .
530 4762 538 4778 .
570 4763 578 4780 .
601 4753 666 4779 .-
685 4723 836 4784 ludoviso
859 4729 920 4806 regi
941 4729 1121 4788 Francorum
1139 4727 1278 4786 existenti
1297 4726 1331 4784 ln
1348 4724 1479 4803 partibus
1499 4724 1656 4786 111777777-
