4352 5940
1013 599 1227 662 Fllllllllthl
1252 601 1425 664 saeuum
1735 605 1817 689 [Aru.
1836 607 1921 670 1248.

354 1053 392 1136 ’Ἴ
408 1052 463 1137 '¹”.·‚
569 1046 812 1129 Innocentius
835 1073 933 1154 papa
959 1047 1270 1157 archiepiscopis,
1289 1047 1472 1156 episcopis
1501 1047 1733 1156 caeterisque
1760 1047 1925 1131 Germa-

518 1178 603 1259 niae
625 1179 802 1285 praelatis
825 1179 955 1260 scribit
975 1180 1080 1288 quod
1105 1206 1194 1261 curn
1221 1180 1432 1262 Fridericus
1451 1189 1537 1288 post
1563 1206 1672 1260 suam
1702 1180 1741 1261 in
1768 1179 1926 1262 concilio

517 1310 694 1418 Lugduni
718 1310 1014 1418 depositionem,
1041 1338 1118 1395 non
1149 1311 1274 1394 solum
1302 1314 1352 1394 ad
1379 1313 1580 1420 purganda
1611 1312 1772 1394 crimina
1801 1311 1926 1394 venire

518 1441 745 1550 neglexerit,
785 1443 851 1524 sed
882 1443 1004 1525 etiam*
1029 1444 1237 1553 quamdam
1264 1446 1302 1524 in
1331 1443 1486 1526 clericos
1522 1443 1707 1526 solemnia
1737 1443 1926 1526 celebrare

518 1585 735 1656 recusantes
760 1574 1008 1656 execrabilem
1029 1577 1263 1659 sanctionem
1284 1577 1461 1683 edixerit,
1483 1577 1620 1684 ipsein
1644 1602 1734 1659 eum
1752 1577 1814 1658 die
1828 1575 1926 1685 J'ovis

520 1707 641 1787 sancti
658 1707 1058 1790 excommunicationis
1075 1721 1113 1790 et
1133 1708 1384 1792 anathematis
1407 1709 1632 1790 sententiam
1658 1709 1864 1791 innovavit.

602 1921 704 1997 (Edld.
720 1923 893 1993 aarum,
908 1915 1019 1982 dcccl.
1033 1919 1141 2002 coclea,
1152 1924 1190 1983 ad
1204 1941 1274 1984 ann.
1293 1931 1381 1996 1248,
1395 1914 1472 2004 §111
1485 1929 1514 1982 et
1527 1939 1623 2000 seqq,
1640 1937 1657 1982 e
1675 1927 1782 2000 regest.
1794 1921 1868 1982 libro
1888 1921 1925 1996 V,

616 2061 619 2066 ·
639 2029 729 2088 litter.
744 2029 862 2100 ourlal„
876 2039 909 2086 n⁰
924 2027 987 2108 44.)

568 2217 806 2306 Innocentius,
832 2227 917 2307 etc,
940 2217 1208 2312 archiepiscopis
1227 2227 1266 2290 et
1292 2217 1480 2313 episcopis,
1507 2217 1710 2307 abbatibus,
1736 2216 1926 2311 prioribus,

520 2341 678 2429 decanis,
695 2339 946 2412 archidiaconis
962 2349 998 2412 et
1011 2341 1087 2412 aliis
1104 2341 1328 2412 ecclesiamm
1343 2342 1485 2436 prelatis
1504 2363 1568 2437 per
1588 2340 1829 2414 alemanniam
1845 2359 1927 2411 oon·

520 2463 764 2534 stitutissCum
786 2485 851 2536 nos
875 2465 956 2536 olim
982 2463 1204 2535 Fredericum
1228 2465 1403 2556 quondam
1426 2465 1659 2536 Romanomm
1684 2464 1927 2558 imperatorem

520 2585 752 2673 citaverimus,
767 2594 807 2657 ut
822 2585 857 2656 in
879 2585 1026 2659 concilio
1039 2586 1263 2678 Lugdunensi
1279 2587 1508 2681 personaliter
1527 2589 1583 2658 vel
1598 2608 1662 2681 per
1676 2585 1817 2657 nuntios
1832 2605 1928 2656 com·

522 2718 658 2804 pareret
679 2730 906 2802 responsurus
930 2708 1031 2781 nobis
1053 2718 1089 2781 et
1108 2710 1185 2780 aliis
1204 2709 1265 2802 qui
1285 2711 1416 2782 vellent
1438 2710 1570 2803 aliquid
1592 2730 1787 2805 proponere
1810 2717 1928 2780 eontra

521 2853 601 2904 eum
616 2842 652 2903 et
664 2831 930 2904 satisfactionem
948 2831 1108 2904 idoneam
1125 2834 1344 2928 prestitums,
1364 2833 1504 2906 tandem
1522 2833 1605 2926 quia
1621 2833 1657 2903 in
1672 2833 1797 2905 eodem
1813 2831 1927 2903 conci·

521 2956 567 3027 lio
581 2956 689 3027 multa
702 2955 793 3026 inter
805 2964 920 3027 cetera
937 2963 1058 3027 contra
1071 2956 1185 3050 ipsum
1199 2957 1249 3028 sic
1267 2965 1362 3028 certa
1381 2969 1416 3028 et
1434 2956 1609 3028 evidentia
1623 2956 1719 3049 quod
1736 2956 1771 3026 in
1789 2955 1838 3026 eis
1851 2951 1928 3025 infi-

520 3077 659 3150 ciationi
673 3100 812 3172 prorsus
829 3080 925 3150 locus
942 3099 1018 3150 esse
1036 3101 1106 3151 non
1123 3089 1275 3174 poterat,
1292 3080 1472 3152 manifeste
1488 3079 1733 3173 comperimus,
1744 3101 1791 3150 ex
1803 3079 1930 3172 quibus

521 3201 565 3273 de
579 3201 663 3275 vitio
677 3203 856 3297 pravitatis
869 3203 1021 3275 heretice
1035 3205 1158 3275 merito
1175 3202 1324 3275 debebat
1342 3203 1463 3274 haberi
1477 3212 1670 3298 suspectus,
1683 3203 1835 3276 maxime
1850 3223 1930 3274 cum

521 3334 599 3419 post
615 3327 982 3398 excommunicationis
996 3326 1203 3398 sententiam
1217 3347 1238 3398 a
1252 3327 1343 3398 bone
1357 3326 1522 3398 memorie
1532 3328 1562 3399 l.
1577 3327 1740 3422 episcopo
1749 3325 1930 3399 Sabinensi

521 3457 568 3518 et.
592 3501 601 3520 .
622 3503 630 3518 .
650 3429 739 3520 tituli
754 3449 878 3520 Sancto
894 3448 1020 3518 Sabine
1036 3448 1239 3542 presbytero
1253 3447 1419 3520 cardinali
1436 3449 1541 3520 latam
1558 3449 1592 3519 in
1607 3449 1734 3543 ipsum,
1748 3459 1931 3544 postquam

522 3570 626 3641 etiam
642 3570 751 3642 felicis
765 3571 1013 3644 recordationis
1028 3571 1214 3663 Gregorius
1228 3592 1318 3666 papa
1334 3572 1559 3667 predecessor
1571 3581 1690 3644 noster
1701 3593 1782 3644 eum
1794 3571 1932 3643 ana'tbe

522 3693 624 3764 matis
639 3693 778 3765 vinculo
794 3693 1036 3783 innodavit,ac
1049 3703 1126 3788 post
1138 3695 1289 3766 Ecclesia
1301 3695 1454 3767 Romane
1468 3695 1931 3789 cardinalium,prelatorum

523 3827 559 3888 et
570 3817 772 3888 clericorum
783 3817 978 3888 acaliomm
997 3817 1099 3887 etiam
1112 3816 1258 3890 diversis
1273 3818 1486 3913 temporibus
1498 3819 1545 3892 ad
1559 3819 1684 3890 sedem
1697 3817 1930 3913 apostolicam

525 3939 737 4012 venientium
754 3939 1123 4034 captionem‚Ecclesie
1139 3939 1256 4011 claves
1271 3941 1520 4036 contempserit
1536 3941 1601 4012 sibi
1619 3941 1747 4013 faciens
1762 3939 1930 4013 celebrari

523 4065 580 4135 vel
598 4063 714 4159 potius
734 4071 903 4156 quantum
923 4063 959 4132 in
983 4062 1111 4134 coluit
1134 4063 1308 4157 profanari
1332 4063 1468 4153 divina,
1494 4074 1693 4136 constanter
1715 4074 1752 4136 et
1772 4073 1931 4160 patenter

523 4208 681 4260 asserens
701 4209 738 4258 se
759 4187 882 4282 prelati
902 4187 1158 4283 predecessoris
1182 4189 1372 4260 sententias
1390 4211 1460 4261 non
1481 4190 1607 4281 vereri,
1626 4199 1662 4260 et
1683 4189 1826 4283 insuper
1845 4209 1928 4260 con·

520 4310 664 4402 junctus
679 4310 829 4382 amicitia
844 4308 1039 4382 detestabili
1057 4311 1268 4403 sarracenis,
1283 4332 1403 4384 eorum
1421 4312 1507 4384 ritus
1520 4314 1734 4408 amplectens
1747 4322 1783 4383 et
1798 4311 1931 4404 aliquos

525 4455 571 4504 ex
586 4433 669 4528 ipsis
682 4433 717 4504 in
733 4433 943 4527 quotidianis
957 4435 1033 4526 ejus
1046 4435 1222 4526 obsequiis
1238 4457 1357 4507 secum
1371 4445 1505 4526 tenens,
1516 4435 1662 4508 nuncios
1676 4435 1810 4508 soldani
1823 4434 1932 4530 Baby·

525 4556 616 4627 lonie
631 4567 813 4650 postquam
830 4557 922 4628 idem
936 4558 1115 4648 soldanus,
1125 4578 1206 4628 cum
1221 4579 1291 4650 quo
1310 4557 1636 4630 dictusFredericus
1649 4568 1753 4654 prout
1766 4557 1932 4653 exipsius

525 4678 659 4752 soldani
675 4665 871 4774 accepimus
882 4679 1004 4751 litteris
1018 4701 1039 4750 a
1053 4689 1208 4774 tempore
1224 4681 1332 4776 patris
1347 4681 1505 4774 ejusdem
1519 4682 1653 4755 soldani
1667 4681 1931 4755 familiaritatem
