4306 5914
214 623 315 686 laucr.
331 621 376 707 'l.]
667 618 862 682 HISTORIA
886 619 1181 684 blrnoua'rlca
1560 611 1621 673 673

215 761 329 832 minus
344 758 549 832 necessitate
565 756 675 850 rigida
689 757 873 847 suadente,
884 756 1081 853 provincias
1094 759 1310 829 Lunesaunm
1323 761 1358 826 et
1369 751 1622 842 Garluguanam

217 885 299 957 olim
320 884 382 957 ribi
403 895 546 980 paterna
574 882 760 956 devotione
778 882 940 972 collatas,
965 904 1078 978 nuper
1101 879 1341 954 communibus
1364 876 1565 949 Pisanorum
1587 881 1624 944 et

217 1011 434 1082 Lucanorum
445 1007 664 1110 providimus
681 1006 932 1080 concedendas.
952 1007 1008 1078 Ex
1025 1028 1119 1101 quo,
1137 1006 1218 1078 licet
1233 1025 1352 1100 posses
1367 1001 1404 1074 iu
1422 1009 1519 1096 patre
1535 1019 1624 1092 quo·

218 1134 404 1207 dammodo
417 1145 536 1206 nomm
549 1131 809 1204 inhumanitatis
822 1131 987 1224 objicere,
1001 1131 1096 1227 quod
1110 1131 1154 1204 de
1168 1128 1229 1202 lilii
1242 1125 1361 1225 spoliis
1376 1125 1498 1199 ditavit
1514 1123 1626 1197 eutra-

216 1282 317 1350 ueos,
330 1269 367 1332 et
382 1258 596 1331 liberalitatis
612 1256 773 1330 munifice
788 1257 948 1349 gratiam,
961 1277 1067 1350 quam
1083 1255 1119 1328 in
1137 1266 1170 1328 te
1187 1254 1319 1328 dudum
1335 1251 1521 1343 infuderat,
1532 1251 1627 1323 abla-

218 1386 289 1456 tiva
306 1405 401 1457 nunc
419 1382 904 1474 vacuationeconlundat31i
923 1393 1036 1456 tamen
1050 1381 1242 1456 collationis
1260 1379 1457 1474 hujusmodi
1477 1379 1626 1474 qualitas

217 1519 254 1580 et
270 1507 479 1582 conserentis
499 1507 641 1580 allectus
660 1506 844 1599 diligenter
866 1507 1068 1598 attenditur,
1090 1505 1220 1580 turbari
1237 1515 1271 1578 te
1291 1514 1473 1606 propterea
1498 1504 1627 1577 dobere

217 1655 290 1705 nou
307 1633 494 1723 eredimus,
511 1631 573 1704 sed
589 1631 624 1704 id
641 1632 731 1703 ferre
747 1633 861 1727 potius
878 1631 1108 1726 equanimiter
1123 1631 1347 1724 arbitramur3
1363 1651 1442 1702 oum
1456 1629 1491 1702 in
1505 1629 1629 1725 proba·

217 1757 280 1828 bili
298 1758 427 1831 debeas
440 1764 647 1849 argumento
660 1777 860 1852 presumere
876 1767 915 1830 ut
934 1757 995 1851 qui
1008 1765 1124 1830 nostre
1138 1754 1371 1828 munificentie
1388 1755 1568 1828 dexteram
1581 1755 1628 1829 ad

217 1879 342 1956 fideles
361 1882 593 1954 benemeritos
615 1881 762 1954 libenter
785 1880 1023 1970 extendimus,
1043 1890 1139 1954 tanto
1165 1880 1225 1953 tibi
1251 1880 1414 1954 libentius
1435 1891 1471 1953 et
1487 1880 1629 1954 liberius

215 2007 451 2102 porrigamus,
471 2017 603 2100 quanto
620 2005 801 2079 nobishoc
819 2006 997 2079 ardentius
1014 2017 1050 2078 et
1062 2007 1121 2098 jus
1136 2007 1290 2100 suggerit
1316 2015 1352 2079 et
1370 2016 1514 2097 natura,
1545 2006 1629 2079 dum

215 2133 315 2228 apud
330 2154 393 2205 nos
406 2131 566 2225 grandia,
584 2131 714 2228 duplici
729 2132 861 2204 ratione
880 2153 943 2228 pro
959 2132 1102 2223 meritis,
1119 2131 1233 2204 carnis
1248 2131 1347 2204 nobis
1360 2130 1540 2204 identitate
1553 2155 1631 2228 par·

217 2253 357 2352 ticipas,
372 2266 408 2329 et
421 2255 556 2328 labores
568 2268 705 2331 nostros
721 2269 756 2329 et
773 2278 879 2330 onera
895 2256 1069 2330 studiosus
1085 2268 1121 2328 et
1135 2255 1280 2352 pervigil
1296 2255 1460 2330 contiuua
1474 2279 1629 2330 commu-

217 2381 396 2455 nicatione
411 2391 608 2477 supportas.
628 2377 795 2453 Volumus
812 2381 917 2476 igitur
936 2387 975 2453 ul
989 2380 1220 2478 provisionem
1238 2379 1454 2475 hujusmodi,
1480 2404 1550 2477 qua
1565 2403 1631 2456 neo

218 2507 307 2580 dum
321 2525 384 2602 per
394 2514 509 2578 actum
521 2503 707 2600 gratificari
721 2515 754 2577 te
768 2505 955 2596 credimus,
969 2505 1031 2578 sed
1045 2507 1225 2578 consulere
1238 2503 1352 2602 potius
1364 2525 1428 2602 per
1440 2510 1628 2604 agendum,

218 2641 335 2704 ratam
366 2629 495 2703 babere
516 2629 646 2703 debeas
672 2639 707 2702 et
732 2630 862 2723 absque
893 2628 1057 2703 dilatione
1086 2630 1241 2725 qualibet
1269 2641 1466 2726 acceptare,
1490 2653 1631 2708 securus

219 2755 318 2850 quod
341 2754 391 2827 sio
416 2753 477 2827 tibi
497 2753 533 2826 in
552 2753 630 2826 aliis
651 2754 839 2848 majoribus
855 2764 998 2850 paterna
1013 2755 1231 2851 providentia
1254 2755 1467 2851 providebit,
1484 2758 1580 2853 quod
1597 2771 1632 2834 et

220 2880 326 2954 dictis
342 2889 375 2952 te
391 2877 534 2952 cessisse
550 2877 736 2975 provinciis
753 2887 789 2952 et
808 2873 935 2953 nostris
948 2877 1111 2952 insudare
1125 2876 1273 2953 servitiis
1289 2877 1412 2953 merito
1430 2881 1628 2955 delectabit.

436 3163 608 3178 -ιοιι-οιο--ιο
613 3161 1417 3178 -ι-*ι--ι-σι-ψὼοκ-ιωή

278 3413 513 3525 Fridericus‚
547 3413 807 3499 Romanorum
845 3413 1064 3524 imperator,
1101 3409 1337 3497 Bonilaoium
1374 3407 1632 3498 marchionem

222 3549 496 3640 llontislerrati
515 3551 555 3632 in
578 3551 740 3662 gratiam
770 3575 880 3633 suem
911 3545 1129 3660 recipit(l),
1151 3547 1261 3658 eique
1281 3547 1453 3632 concedit
1478 3548 1517 3631 in
1544 3547 1633 3633 leu-

936 3723 1626 3734 -———--——-—----—-—---.—-n-.-...

262 3791 302 3866 (t)
321 3791 361 3850 Ad
375 3807 468 3868 pacem
482 3793 553 3850 iuter
563 3789 751 3866 imperatorem
765 3793 793 3850 et
803 3789 985 3849 marchionem
998 3790 1191 3849 reformandam
1205 3790 1323 3866 primum
1336 3789 1497 3866 colloquium
1510 3789 1631 3852 celebra·

225 3895 286 3948 tum
295 3895 347 3964 ast,
358 3891 401 3950 oni
412 3893 544 3950 aduerunt
554 3891 688 3950 Amadum
698 3905 789 3948 comes
802 3889 970 3962 sabaudiae,
985 3903 1075 3948 comas
1085 3889 1245 3948 'l'bomaeius
1258 3889 1341 3948 irater
1353 3891 1421 3964 eju,
1434 3889 1587 3950 Gualterius
1600 3891 1635 3949 de

225 3990 314 4062 Ocra,
328 3997 356 4049 et
370 3991 490 4050 marchio
503 3992 561 4066 ipse
575 3989 765 4048 llontislerrati
778 4005 839 4047 cum
856 3989 1065 4047 laurinensibus
1083 3988 1526 4064 rorbanutds.«1tpartameutotu
1543 3996 1635 4050 tenuto

226 4089 297 4146 sulle
310 4089 369 4147 rive
380 4089 450 4148 della
461 4089 529 4146 Dora
540 4087 646 4160 Baltea;
661 4104 715 4145 non
727 4089 750 4146 si
764 4103 795 4146 sa
808 4087 904 4162 meglio
918 4087 936 4144 il
948 4088 1026 4160 luogo
1038 4091 1071 4144 ub
1086 4087 1103 4145 il
1118 4095 1218 4162 tempo.
1232 4087 1293 4146 Cold
1307 4086 1446 4146 s’intctero
1457 4088 1554 4146 diversi
1567 4089 1634 4162 patti

122 4263 126 4270 ι
225 4187 299 4248 cira
312 4187 348 4261 gli
362 4186 422 4246 altri
434 4187 484 4245 ebe
496 4187 630 4246 douilazlo
646 4185 784 4244 marcbeee
802 4185 830 4244 di
843 4186 1004 4246 blonlerrato
1018 4201 1132 4261 pouesee
1150 4185 1220 4244 uelle
1234 4185 1305 4243 meni
1325 4185 1368 4244 del
1389 4191 1467 4244 conte
1488 4185 1516 4244 di
1538 4185 1633 4245 savoia

225 4285 372 4358 Gbivesso,
386 4285 414 4344 S.
427 4285 560 4358 Redeele,
579 4285 647 4344 lale
665 4284 777 4358 vignale
793 4326 880 4344 .....
893 4285 936 4343 Un
947 4299 1034 4342 nuovo
1048 4299 1192 4358 mngresso
1205 4283 1228 4342 ei
1240 4290 1320 4341 tenue
1335 4281 1353 4340 ll
1368 4283 1402 4340 tt
1417 4285 1445 4342 di
1461 4299 1551 4342 marzo
1566 4285 1634 4343 tate

225 4385 298 4444 nulle
309 4386 367 4444 rire
380 4383 450 4444 della
463 4385 544 4443 Stura
557 4399 652 4459 presso
665 4383 812 4455 Altessano,
827 4383 854 4441 in
868 4385 911 4440 cui
925 4383 1026 4442 liberto
1038 4384 1065 4440 di
1080 4383 1272 4456 lloumegliano
1283 4382 1426 4440 castellano
1438 4382 1635 4457 d’lviglianasi

226 4490 356 4560 preseuto
368 4485 394 4542 iu
412 4500 491 4542 nome
506 4483 652 4541 d’dmodeo
669 4483 704 4540 lv
722 4499 771 4557 per
788 4483 906 4540 ricoverc
922 4483 947 4540 le
961 4482 1088 4552 tortosam
1104 4498 1120 4540 e
1134 4483 1156 4539 sl
1171 4482 1282 4556 predsse
1299 4497 1387 4541 nuovo
1402 4481 1544 4540 terminon
1557 4483 1637 4540 Boni-

227 4581 300 4640 lazio
311 4596 359 4655 per
368 4577 552 4654 consegnarle.
567 4595 661 4654 apeua
672 4578 701 4636 di
718 4580 801 4638 veder
816 4580 900 4638 risolti
913 4586 981 4637 tutte
995 4581 1020 4638 le
1035 4579 1207 4638 convenzioni
1222 4580 1273 4638 ebe
1286 4579 1390 4637 s’erauo
1406 4579 1493 4637 iutese
1509 4586 1552 4638 tra
1571 4579 1607 4637 lui
1622 4595 1638 4636 e

228 4671 1073 4752 1’iuperauore.»cnm10,sur.&tumamretdtswota
1086 4684 1107 4735 t.
1121 4677 1159 4748 ll,
1172 4694 1200 4751 p.
1213 4678 1263 4749 ol,
1275 4677 1323 4734 ubi
1335 4675 1386 4733 boc
1393 4681 1527 4749 regestum
1537 4676 1638 4736 mubivl

228 4775 446 4834 emorerentur
460 4792 468 4830 =
485 4777 612 4834 contrata
627 4779 700 4833 entre
714 4773 742 4832 lo
755 4776 863 4834 multon
875 4773 907 4832 de
915 4775 1015 4834 &nole
1026 4782 1051 4833 et
1066 4775 1103 4833 les
1115 4775 1222 4850 princes
1232 4775 1381 4848 ltronpm,
1392 4773 1437 4833 iol.
1451 4777 1496 4841 ³²·
