4352 5940
221 621 386 700 namen
665 614 864 680 ursroura
886 612 1184 677 nruuounrrcn.
1246 572 1269 648 f
1571 604 1630 668 su

224 765 339 832 tmete
363 753 460 851 quod
487 754 532 828 de
561 751 804 827 parmensibus
832 749 996 846 predictis
1023 748 1113 822 inira
1140 743 1296 842 spaciirm
1323 741 1441 816 brevis
1467 739 1632 836 temporis

221 883 363 956 obtenta
379 877 574 952 indubitata
587 876 753 966 victoria,
771 895 840 968 que
855 874 964 946 titulis
976 871 1103 945 nostris
1114 889 1284 943 summam
1298 865 1497 954 victoriam,
1514 861 1631 936 onesi·
1728 857 1730 865 ’

221 1006 286 1080 bus
311 1004 437 1077 vestris
460 1002 580 1092 finem
604 1022 646 1074 ac
670 998 970 1094 expectationibus
993 994 1236 1070 communibus
1258 993 1448 1067 adventum
1473 997 1632 1060 nostrum

223 1127 499 1204 indubitabiliter
516 1125 713 1221 pollicetur,
729 1123 859 1195 mutuis
878 1121 1059 1194 affectibus
1077 1119 1290 1192 delectantes
1308 1137 1371 1190 vos
1392 1115 1429 1186 iu
1446 1112 1632 1186 serenitate

222 1252 341 1326 vntum
353 1251 464 1324 nostri
479 1249 680 1324 continuate
699 1246 912 1337 fovebimus,
929 1266 1018 1339 quos
1034 1235 1129 1316 mine
1144 1242 1210 1316 sub
1223 1237 1500 1336 interpellatione
1518 1235 1629 1310 literis

222 1377 494 1472 permulcemus.

271 1975 436 2060 lacobus
461 1976 510 2059 do
536 1973 684 2059 Sanctis
714 1975 763 2057 de
790 1973 935 2083 Capua,
951 1972 1158 2082 imperialis
1188 1971 1371 2084 magister
1399 1972 1631 2056 camerarius
1656 1984 1836 2094 efflas..

221 2105 456 2217 Principatus
471 2118 510 2191 et
527 2119 649 2191 terrae
671 2106 970 2211 Beneventanae,
988 2105 1097 2216 justu
1118 2117 1288 2189 tenorem
1314 2105 1629 2188 constitutionum

222 2237 495 2348 imperialium,
523 2239 808 2350 inquisitionem
834 2237 914 2320 fieri
937 2238 1147 2348 jubetque
1173 2237 1356 2348 probetur
1382 2264 1433 2320 an
1459 2236 1630 2320 decimae

222 2367 433 2480 platearum
462 2372 608 2456 Salerni
640 2374 691 2456 ad
716 2373 992 2457 monasterium
1022 2373 1189 2456 Cavense
1219 2372 1389 2484 legitimo
1416 2370 1503 2481 jore
1532 2395 1629 2482 per-

224 2504 379 2588 lineant.

300 2745 425 2826 (laedit.
440 2763 477 2809 ex
490 2749 598 2828 origin.
612 2749 644 2808 ln
655 2747 738 2810 areb.
751 2763 833 2808 mou.
848 2746 1000 2820 Carmeia,
1016 2761 1084 2806 arca
1097 2744 1234 2820 LXVIII,
1249 2755 1283 2806 n⁰
1297 2743 1379 2824 18¹1.)

270 2961 459 3035 innomine
472 2959 613 3036 Domini
627 2960 691 3034 Dei
708 2961 820 3034 eterni
832 2971 868 3032 et
882 2937 1071 3032 Salvatoris
1084 2960 1194 3032 nostri
1210 2962 1292 3035 Iesu
1310 2958 1445 3034 Christi.
1461 2960 1563 3032 Anno
1584 2959 1630 3034 ab

225 3081 459 3158 incarnatione
480 3086 555 3178 ejus
579 3085 764 3158 millesimo
781 3085 1020 3158 ducentesimo
1036 3084 1301 3177 quadragesimo
1319 3084 1467 3179 septimo
1484 3094 1520 3156 et
1535 3083 1629 3156 vice·

222 3208 308 3282 sno
323 3209 471 3304 septimo
485 3230 579 3281 auno
596 3209 732 3305 imperii
747 3209 879 3281 domini
894 3208 1002 3280 nostri
1016 3206 1179 3280 Friderici
1200 3207 1439 3299 gloriosissimi
1457 3208 1631 3280 Romano·

219 3353 297 3404 rum
314 3333 533 3428 imperatoris
548 3354 686 3429 semper
699 3331 852 3426 augusti,
865 3332 1057 3404 Jerusalem
1069 3341 1105 3404 et
1116 3332 1230 3404 Sicilie
1240 3333 1344 3424 regis,
1356 3331 1414 3404 die
1422 3332 1515 3426 jovis
1530 3331 1631 3407 tertio

219 3455 348 3527 mensis
363 3455 532 3548 octubris,
546 3466 647 3530 sexte
661 3454 874 3544 indictionis,
885 3455 980 3550 apud
993 3456 1190 3544 Salernum,
1207 3465 1289 3526 ante
1303 3476 1367 3526 uos
1378 3455 1571 3528 Mattheum
1585 3455 1631 3528 de

217 3578 385 3652 ludicissa
400 3579 518 3673 judice
538 3581 673 3654 Salerni
694 3591 730 3653 et
746 3579 937 3654 Mattheum
953 3581 997 3653 de
1012 3580 1140 3652 &uem
1155 3579 1262 3651 Maria
1283 3579 1459 3675 puplicum
1473 3579 1631 3672 ejusdem

219 3702 366 3776 dvitabs
379 3705 567 3796 nomnium,
584 3704 805 3802 presentibus
807 3755 1020 3777 ......
1039 3704 1084 3776 de
1104 3705 1231 3778 &ueta
1248 3702 1368 3793 Maria,
1383 3704 1537 3776 Mattheo
1549 3706 1629 3777 Ras-

219 3826 306 3918 siea,
330 3827 496 3920 magistro
521 3830 621 3902 Petro
645 3829 797 3902 (lomello
820 3838 856 3901 et
874 3829 1005 3902 Jacobo
1028 3828 1316 3924 Venarepulliaro
1341 3828 1475 3902 civibus
1497 3829 1630 3900 Salerni

218 3949 353 4022 civibus
363 3952 636 4042 subscribendis,
651 3953 697 4026 ad
711 3952 779 4024 hoc
789 3951 985 4047 specialiter
998 3952 1130 4024 voeatis
1144 3963 1180 4024 et
1194 3953 1335 4045 rogatis,
1347 3953 1445 4025 venit
1461 3954 1632 4026 Bonusao-

218 4095 340 4145 cursus
356 4077 541 4172 presbyter
555 4076 699 4148 ecclesie
715 4077 841 4148 Sancte
858 4063 962 4148 Mario
979 4077 1024 4149 de
1043 4076 1199 4173 dompno
1213 4076 1257 4149 de
1271 4077 1415 4148 Salerno
1434 4088 1469 4148 et
1483 4098 1626 4172 presen-

219 4198 305 4270 tavit
317 4198 402 4269 mihi
415 4199 573 4295 predicto
585 4199 724 4275 Matheo
736 4199 847 4293 judici
861 4200 991 4271 litteras
1004 4201 1131 4272 nobilis
1144 4200 1208 4272 viri
1223 4199 1353 4273 domini
1368 4201 1495 4292 judicis
1511 4200 1630 4273 lacobi

218 4321 263 4394 de
283 4322 419 4395 Sanctis
442 4323 487 4396 de
505 4325 621 4420 Capua
635 4323 821 4421 imperialis
841 4323 994 4427 magistri
1014 4345 1151 4396 camere
1173 4324 1388 4421 Principatus
1410 4332 1445 4424 et
1466 4333 1556 4396 terre
1569 4326 1633 4396 Be·

216 4457 413 4519 neventaue
427 4469 529 4522 cereo
542 4448 654 4541 sigillo
663 4448 770 4544 ipsius
784 4448 916 4521 domiui
928 4448 1083 4542 magistri
1098 4470 1234 4520 camere
1252 4449 1431 4541 sigillatas,
1448 4471 1516 4542 que
1535 4450 1630 4522 omni

217 4567 310 4640 vicio
332 4581 368 4641 et
386 4571 582 4666 suspicione
602 4573 769 4644 carebant
789 4582 825 4644 et
846 4582 946 4643 erant
970 4573 1181 4644 continentie
1207 4573 1347 4644 taliter:
1368 4574 1532 4645 Prudenti
1555 4574 1630 4647 viro

209 4689 321 4780 judici
331 4693 471 4766 Matheo
482 4696 605 4768 Donne
615 4696 757 4788 judecte
771 4695 815 4767 de
825 4697 968 4769 Salerno
984 4697 1096 4768 amico
1110 4718 1175 4768 sno
1185 4696 1299 4789 judex
1312 4697 1460 4768 lacobus
1471 4698 1516 4770 de
1527 4701 1630 4770 Sanc·
