4300 5916
261 639 363 701 lrmcr.
378 639 424 722 4.]
706 637 901 701 HISTORIA
926 637 1220 701 memorarint.
1608 635 1668 698 8¹11

261 797 406 870 presens
430 775 596 872 scriplum
618 785 742 849 notum
763 777 908 848 iacimus
925 777 1095 849 universis
1110 774 1245 872 imperii
1262 771 1424 845 fidelibus
1441 783 1510 844 tam
1526 793 1671 868 presen-

262 899 355 972 tibus
376 921 482 994 quam
498 901 622 972 luturis
634 899 730 995 quod
743 922 807 995 pro
828 901 952 974 merito
970 899 1052 973 fidei
1070 910 1105 972 et
1119 898 1314 972 devotionis
1326 897 1454 970 civium
1470 907 1670 972 nostrorum

260 1023 307 1096 de
322 1023 567 1114 Franlreniurt,
586 1024 806 1096 attendentes
820 1044 961 1119 quoque
980 1046 1101 1096 eorum
1116 1021 1367 1117 gratabervitia
1383 1042 1452 1116 qne
1468 1019 1563 1092 omni
1580 1031 1668 1094 tem·

261 1167 347 1242 pore
362 1146 505 1220 domino
518 1148 608 1243 patri
623 1157 760 1239 nostro,
777 1147 1056 1242 progenitoribus
1071 1149 1147 1240 ejus
1163 1156 1199 1218 et
1216 1145 1317 1218 nobis
1332 1144 1553 1217 devotissime
1568 1165 1668 1240 pres-

262 1268 407 1341 titerunt
431 1282 467 1343 et
487 1271 644 1343 inantea
665 1279 820 1366 prestare
844 1282 1007 1367 poterunt
1026 1272 1197 1366 gratiora,
1228 1269 1432 1341 auctoritato
1460 1289 1502 1340 ac
1526 1269 1668 1363 speciali

261 1392 427 1465 mandato
447 1393 657 1466 serenissimi
676 1394 810 1470 Cesaris
833 1395 965 1468 domini
987 1396 1095 1491 patris
1110 1394 1236 1485 nostri,
1250 1391 1350 1466 nobis
1365 1391 1460 1487 apud
1477 1393 1590 1487 ipsum
1605 1415 1667 1488 pro

260 1515 343 1611 ipsis
359 1517 493 1591 civibus
506 1518 728 1590 devotissime
742 1519 1034 1615 supplicantibus,
1052 1518 1247 1590 remisimus
1261 1517 1311 1588 eis
1326 1537 1466 1589 omnem
1484 1537 1613 1588 noxam
1631 1529 1667 1590 et

260 1639 410 1734 siquam
427 1641 593 1714 offensam
615 1642 680 1714 visi
701 1652 782 1713 sunt
795 1643 861 1738 ipsi
874 1644 969 1716 cives
982 1645 1018 1715 in
1031 1643 1153 1716 cedem
1169 1652 1204 1713 et
1220 1640 1463 1712 exterminium
1478 1641 1666 1714 iudeorum

259 1762 304 1836 de
329 1763 575 1855 Frankenlurt‚
601 1787 781 1838 servorum
803 1788 940 1838 camere
959 1778 1095 1859 nostre,
1123 1765 1340 1860 negligenter
1367 1775 1401 1835 et
1426 1765 1669 1859 contingenter

257 1887 374 1982 potius
397 1909 502 1980 qnam
527 1888 722 1961 voluntarie
744 1890 955 1961 commisisse
980 1887 1046 1986 (l).
1070 1892 1117 1962 De
1137 1888 1380 1962 abundantiori
1399 1909 1538 1984 quoque
1554 1889 1666 1983 gratia

259 2011 472 2084 celsitudinis
486 2022 604 2084 nostre
619 2011 852 2108 promittimus
865 2013 916 2085 eis
932 2035 1036 2110 snper
1049 2013 1249 2106 hujusmodi
1266 2012 1394 2107 scripto
1406 2011 1614 2086 remissionis
1630 2025 1666 2087 et

256 2136 367 2226 gratie
381 2145 498 2208 nostre
511 2137 729 2232 privilegium
738 2138 958 2232 imperatorie
975 2137 1164 2232 majestatis
1182 2136 1369 2208 liberaliter
1384 2137 1583 2230 impetrare,
1598 2161 1662 2234 pro

256 2257 410 2353 ipsorum
424 2260 551 2332 civium
568 2268 604 2332 et
619 2259 787 2332 heredum
801 2283 943 2333 suorum
958 2273 1125 2364 perpetua
1142 2261 1338 2334 securitate.
1357 2261 1413 2333 Ad
1428 2261 1532 2354 hujus
1545 2261 1662 2357 itaquo

256 2382 467 2455 remissionis
484 2393 601 2457 nostre
621 2384 822 2456 memoriam
848 2395 883 2456 et
907 2386 1014 2458 robur
1037 2385 1073 2456 in
1104 2394 1279 2481 posterum
1298 2385 1499 2476 valiturum,
1519 2407 1663 2481 presens

256 2508 422 2602 scriptum
437 2505 512 2579 ficri
528 2516 563 2579 et
579 2507 691 2600 sigillo
706 2519 824 2580 nostre
840 2509 1034 2581 serenitatis
1045 2510 1211 2602 jussimus
1222 2510 1438 2582 communiri.

303 2632 428 2704 ilatum
446 2631 540 2726 apud
555 2632 762 2721 llotinburc‚
780 2653 873 2705 anno
891 2633 1063 2705 dominice
1077 2633 1323 2704 incarnationis
1336 2634 1519 2708 millesimo
1533 2634 1664 2709 ducen-

255 2755 377 2829 tesimo
391 2755 655 2850 quadragesimo
668 2766 789 2848 sento,
806 2779 925 2829 mense
942 2757 1041 2846 maii,
1056 2766 1178 2852 quarte
1193 2756 1400 2830 indictionis.

459 3049 1458 3085 ....-,—...--.-——...-.-.

309 3307 526 3416 Conradus,
546 3309 586 3389 in
609 3307 870 3391 Romanorum
889 3336 1018 3420 regem
1044 3309 1204 3420 electus,
1233 3313 1400 3396 Gerardo
1418 3315 1466 3397 de
1484 3314 1656 3424 Sintsig‚

254 3465 323 3548 pro
360 3441 534 3550 expensis
565 3439 679 3523 castri
718 3441 958 3525 Laudscrone
985 3455 1138 3526 centum
1174 3470 1322 3528 marcas
1354 3447 1558 3556 promittit,
1590 3475 1660 3559 pro

255 3572 396 3682 quibus
420 3600 558 3657 census
576 3600 666 3657 suos
689 3600 808 3657 novos
827 3577 928 3659 ultra
947 3577 1119 3661 Rhenum
1138 3587 1176 3661 et
1194 3605 1330 3663 nemus
1356 3607 1471 3666 suum
1490 3584 1539 3668 de
1556 3583 1661 3668 Hoe-

255 3703 329 3788 vile
344 3703 455 3789 titulo
473 3707 643 3818 pignoris
661 3706 819 3818 obligat.

333 3919 436 3994 (Edld.
448 3921 560 4000 Troas,
579 3920 766 4005 Watpdnlig
782 3933 800 3984 a
810 3924 870 4003 lul.
887 3933 976 3998 1825,
992 3943 1021 4004 p.
1038 3925 1101 4005 12.)

300 4105 495 4199 Conradus,
521 4108 591 4182 divi
612 4111 749 4204 angusti
772 4112 989 4208 imperatoris
1006 4114 1170 4188 Friderici
1186 4113 1295 4208 lilius,
1310 4115 1373 4188 Dei
1389 4117 1499 4210 gratia
1517 4114 1658 4216 [Roma-

249 4227 389 4329 norum]
403 4231 438 4303 in
453 4254 571 4324 regem
586 4235 735 4326 electus,
749 4257 887 4330 semper
899 4249 1084 4330 augustus,
1098 4237 1516 4333 beresregnilerusalem.
1527 4243 1661 4315 Tenere
1722 4261 1729 4276 ·

250 4355 465 4449 presentium
479 4367 601 4429 notum
617 4379 692 4430 esse
707 4361 869 4431 volumus
887 4360 983 4454 quod
999 4383 1061 4434 nos
1079 4362 1113 4432 in
1126 4362 1317 4434 subsidium
1328 4383 1561 4458 expensarum
1573 4385 1662 4462 quas

250 4477 384 4574 recepit
408 4482 603 4555 necessario
629 4492 781 4555 castrum
807 4484 1045 4577 landscrone‚
1073 4485 1252 4560 Gerhardo
1283 4487 1328 4560 de
1358 4487 1534 4582 Zintzigh,
1565 4487 1661 4561 fideli

285 4758 325 4830 (l)
344 4758 383 4816 De
394 4758 448 4818 isra
460 4760 553 4834 caede,
568 4759 669 4821 videsis
681 4762 811 4823 Obroatis.
825 4764 974 4840 sephora..
989 4782 1032 4839 ep.
1048 4766 1193 4839 Bonnam,
1208 4767 1320 4842 aava,
1333 4779 1355 4828 t.
1370 4767 1404 4840 11,
1416 4785 1445 4843 p.
1462 4771 1525 4827 lta.
