4318 5904
784 648 1094 712 lilibl'l'lihlENl'li.
1585 652 1649 714 903

234 782 620 855 sacrosanctallomane
637 783 789 858 Ecclesia
813 808 949 860 summo
977 785 1149 883 pontifici,
1177 789 1234 876 13,
1264 787 1388 860 eadem
1409 787 1520 880 gratia
1548 790 1648 860 Hun-

232 903 350 996 garie,
386 906 573 998 Dalmatia,
598 907 799 1000 Choroatie,
824 911 950 1004 Rama,
983 912 1121 1001 Servie,
1154 911 1290 984 Gallitie
1316 912 1537 1005 Cumanaque
1562 935 1644 1004 rex,

234 1025 375 1098 filialem
400 1029 435 1100 in
456 1031 619 1103 omnibus
639 1034 870 1106 reverentiam
894 1046 933 1107 ut
956 1035 1110 1108 debitam
1125 1035 1174 1108 sic
1194 1035 1370 1108 devomm.
1389 1037 1521 1107 Summi
1537 1038 1646 1110 Patris

233 1151 424 1247 sapientia,
451 1155 626 1247 attingens
646 1177 668 1228 a
694 1155 764 1230 fine
782 1181 893 1254 usqua
920 1159 968 1232 ad
988 1158 1095 1231 linem
1118 1159 1251 1232 sortiter
1274 1170 1310 1232 et
1325 1159 1513 1255 disponens
1528 1162 1645 1233 omnia

234 1276 401 1370 suaviter,
437 1299 600 1373 sponsam
630 1302 730 1352 suam
766 1283 974 1374 Ecclesiam,
1009 1305 1079 1356 non
1108 1284 1297 1356 habentem
1330 1285 1501 1357 maculam
1530 1306 1644 1377 neque

234 1422 375 1494 rugam,
401 1402 616 1499 redemptam
642 1406 798 1501 precioso
822 1429 886 1480 suo
907 1409 1077 1501 sanguine
1098 1408 1261 1502 quamde
1280 1409 1387 1480 latere
1401 1429 1464 1480 suo
1478 1408 1646 1505 produxit

234 1524 270 1595 in
281 1525 394 1598 crucis
408 1527 584 1622 patibulo,
603 1529 651 1602 ad
668 1529 735 1602 hoc
750 1500 854 1628 super
877 1530 1011 1604 firmam
1026 1542 1162 1628 petram
1177 1532 1324 1604 fundare
1338 1532 1448 1604 voluit
1458 1585 1469 1622 ,
1481 1518 1533 1603 ne'
1546 1542 1645 1627 porte

234 1650 338 1722 Inferi
361 1651 529 1724 adversus
552 1673 629 1724 eam
654 1655 875 1749 prevalentes
902 1657 1012 1752 ipsam
1039 1656 1167 1728 saciant
1186 1656 1371 1747 ancillare,
1399 1665 1434 1727 et
1449 1656 1645 1752 specialiter

232 1773 341 1846 solius
367 1775 459 1846 Petri
481 1795 522 1847 ac
547 1798 785 1850 successorum
813 1780 889 1871 ejus
912 1779 1070 1873 regimini
1087 1779 1321 1870 committere,
1337 1789 1377 1850 ut
1394 1800 1516 1851 omnes
1531 1779 1644 1872 quise

234 1917 318 1969 vere
335 1899 492 1991 ejusdem
515 1901 668 1972 Ecclesia
694 1900 902 1998 profitentur
922 1902 1029 1994 filios,
1054 1904 1168 1976 eidem
1184 1913 1349 1997 tanquam
1362 1903 1517 1974 mambra
1539 1903 1643 1998 capiti

236 2021 401 2095 obediant
415 2045 457 2095 ac
468 2025 648 2118 utriusque
659 2025 808 2098 hominis
823 2028 1093 2100 consolationem
1106 2026 1300 2100 fiducialius
1311 2026 1478 2122 recipiant
1488 2037 1643 2121 tempore

233 2156 443 2240 opportuno.
469 2150 575 2222 Porro
605 2171 685 2221 cum
705 2151 823 2223 divina
843 2151 1079 2246 providentia,
1107 2173 1175 2246 qua
1199 2152 1308 2223 insui
1330 2150 1554 2246 dispositione
1570 2172 1642 2224 non

232 2271 377 2363 fallitur,
397 2294 461 2345 vos
474 2272 520 2345 ad
535 2274 670 2369 apicem
684 2275 789 2368 hujus
805 2275 981 2370 dignitatis
997 2276 1140 2368 elegerit
1154 2297 1286 2368 nosque
1296 2273 1346 2372 (a)
1355 2297 1642 2367 recognoscamus

232 2418 354 2470 omnes
367 2407 603 2470 antecessores
621 2409 758 2472 nostros
776 2409 812 2473 et
827 2401 1055 2496 nosmetipsos
1068 2399 1173 2470 luisse
1191 2420 1328 2495 semper
1342 2408 1378 2470 at
1394 2421 1469 2470 essa
1484 2399 1642 2491 ejusdem

234 2521 387 2593 Ecclesia
406 2522 625 2595 obedientem
646 2521 756 2594 filium
779 2533 814 2596 et
836 2524 1001 2596 devotum
1023 2521 1113 2620 (sic),
1134 2523 1319 2618 specialem
1333 2521 1478 2614 figentes
1491 2523 1525 2592 in
1544 2523 1645 2595 vobis

233 2645 307 2739 spei
326 2646 534 2739 anchoram,
558 2648 714 2742 oppressi
741 2670 956 2743 paganorum
976 2645 1197 2720 multitudine
1223 2646 1283 2740 qui
1298 2648 1457 2718 Tartaros
1470 2667 1509 2718 se
1522 2645 1644 2740 appel·

233 2769 307 2840 lant
329 2770 395 2842 hiis
415 2771 610 2843 novissimis
635 2773 867 2867 temporibus,
892 2794 958 2843 nac
982 2771 1140 2844 valentes
1158 2792 1221 2866 per
1242 2792 1305 2843 nos
1322 2778 1357 2840 et
1372 2781 1508 2841 nostros
1522 2790 1643 2841 eorum

233 2892 375 2965 obviare
393 2895 592 2984 conatibus,
608 2894 674 2966 nisi
691 2895 768 2966 lreti
781 2905 897 2968 vestro
916 2905 951 2966 et
965 2895 1116 2966 Ecclesia
1132 2915 1174 2966 ac
1185 2893 1432 2966 catholicorum
1447 2892 1642 2988 principum

233 3017 382 3108 auxilio,
409 3019 556 3091 Domino
586 3018 736 3114 desuper
754 3018 961 3112 adjuvante,
998 3019 1153 3090 misimus
1181 3018 1227 3090 ad
1257 3011 1642 3111 sedem‘hpostolicam

233 3142 346 3237 primo
367 3143 600 3214 venerabilem
614 3154 748 3238 patrem
763 3143 963 3238 episcopum
977 3142 1195 3215 Waciensem
1208 3139 1259 3238 (l)
1278 3163 1342 3237 pro
1363 3141 1642 3214 tribulationibus

233 3267 406 3360 llungaria
430 3236 472 3338 aa
494 3266 718 3338 ecclesiarum
732 3265 856 3339 Christi
876 3266 962 3337 inihi
981 3265 1206 3338 existentium
1232 3264 1440 3336 exterminio
1460 3286 1641 3360 exponen·

233 3389 305 3480 dia,
323 3390 477 3463 secundo
493 3393 639 3479 Lucam,
653 3391 865 3486 prepositum
876 3390 1062 3462 leudensis
1074 3389 1238 3478 ecclesia,
1251 3398 1286 3459 et
1301 3388 1514 3483 Stephanum
1529 3388 1642 3460 archi·

234 3513 419 3586 diaconum
440 3515 519 3608 qui,
543 3525 583 3586 ut
605 3515 859 3606 intelleximus,
885 3525 966 3586 sunt
982 3515 1085 3586 maris
1100 3514 1259 3585 lluctibus
1272 3513 1450 3609 prefocati.
1468 3513 1558 3585 Ecce
1566 3514 1641 3606 jam

235 3638 335 3710 tertio
358 3638 513 3710 misimus
535 3638 579 3711 ad
599 3649 751 3710 vestram
768 3639 1010 3734 paternitatem
1028 3638 1223 3710 carissimos
1238 3647 1375 3710 nostros
1389 3638 1511 3709 iratres
1522 3637 1640 3733 predi·

232 3774 384 3853 catores,
401 3764 528 3836 latores
543 3763 776 3859 presentium,
792 3762 837 3835 de
851 3784 992 3834 suorum
1008 3764 1187 3833 voluntate
1204 3770 1239 3832 at
1254 3760 1471 3856 beneplacito
1489 3762 1641 3857 prelato·

234 3887 695 3982 rum3supplicantasvestra
705 3887 901 3982 paternitati
911 3897 1083 3981 quatenus
1093 3884 1524 3958 ascendanladcorvestre
1537 3907 1640 3956 sanc·

234 4009 339 4082 titatis
352 4011 501 4103 gemitus
514 4011 790 4106 compeditorum
800 4065 809 4102 ,
819 4011 990 4103 singultus
999 4010 1206 4082 merentium
1216 4010 1417 4100 viduarum,
1428 4009 1640 4105 pupillorum

233 4143 269 4204 et
288 4134 544 4230 orphanorum,
570 4135 721 4207 maxima
748 4136 841 4206 zelus
858 4133 1012 4207 Ecclesia
1027 4135 1126 4226 cujus
1143 4133 1280 4204 novella
1294 4132 1461 4228 plantatio
1475 4134 1587 4204 luerat
1603 4132 1639 4203 in

233 4258 407 4351 ilungaria
422 4280 468 4330 na
492 4269 562 4332 tam
586 4258 827 4331 miserabiliter
852 4259 992 4355 penitus
1015 4257 1224 4352 extirpetur,
1250 4256 1377 4328 milites
1396 4256 1457 4351 qui
1476 4256 1586 4329 sciant
1603 4265 1641 4329 et

276 4406 317 4486 (a)
340 4409 375 4468 In
389 4409 473 4485 copia
485 4409 521 4470 L.
536 4409 573 4470 da
586 4407 692 4469 Burive
704 4425 817 4489 ecqua.

270 4668 308 4741 (4)
326 4669 366 4728 Cl.
380 4669 519 4745 epistolum
530 4671 621 4729 datam
630 4670 778 4744 Zagrnbiuo
787 4669 903 4744 (Agrum)
919 4672 953 4726 ta
965 4670 1116 4740 maiilhll,
1129 4683 1175 4743 up.
1185 4668 1283 4738 Emer,
1296 4665 1362 4726 ch.
1373 4665 1485 4742 diplom.
1501 4667 1640 4743 Euripos,

232 4780 296 4839 pars
309 4766 355 4839 lv,
370 4784 398 4842 p.
411 4769 475 4842 244,
489 4773 619 4844 utsupra,
635 4769 740 4826 Hister.
754 4765 910 4843 diplomat,
926 4773 947 4824 t.
961 4767 996 4840 V,
1012 4784 1040 4842 p.
1055 4767 1135 4840 llll,
1152 4767 1233 4830 4442,
1248 4767 1329 4824 libo.
