4352 5940
216 659 379 736 tauma]
655 654 854 716 lllSTOlllll
879 654 1175 718 nlrtoufflca.

212 1357 215 1364 ,
272 1251 364 1348 Otto
389 1285 517 1344 comes
552 1260 601 1342 de
635 1257 854 1365 Eberstein,
888 1255 1035 1366 imperii
1066 1283 1133 1365 per
1163 1251 1356 1339 Austriam
1388 1267 1425 1336 et
1460 1253 1624 1366 Styriom
1668 1253 1813 1352 „mu

220 1394 439 1505 capitaneus
461 1401 498 1476 et
515 1401 755 1502 procurator,
777 1387 970 1501 judicibus
997 1389 1037 1470 in
1063 1387 1115 1471 La
1139 1398 1176 1472 et
1194 1389 1232 1468 in
1251 1387 1450 1472 Machland
1476 1399 1513 1470 et
1537 1383 1626 1470 offi-

219 1526 306 1610 'oioli
332 1528 372 1609 in
400 1521 689 1610 Strautzendorl
716 1523 875 1606 mandat
901 1549 950 1604 ne
972 1519 1091 1604 ullam
1110 1519 1410 1631 jurisdictionem
1437 1527 1503 1603 aut
1534 1543 1629 1629 pro-

220 1663 404 1742 ‘rentuum
421 1657 672 1768 receptionem
694 1655 734 1737 in
754 1655 918 1764 praediis
936 1653 1114 1738 ecclesiae
1136 1653 1264 1737 Sancti
1282 1651 1436 1738 loannis
1459 1653 1499 1734 in
1515 1651 1630 1737 Wal-

220 1791 359 1875 thusen
395 1801 527 1875 contra
565 1789 808 1898 privilegium
844 1815 867 1871 o
897 1787 1087 1870 Friderico
1114 1789 1309 1897 quondam
1333 1785 1508 1870 Ausuiae
1533 1786 1629 1869 duce

224 1922 418 2008 indultum
437 1922 652 2033 aliqualiter
669 1920 861 2005 vindicare
878 1929 1136 2030 praesumant.

305 2166 408 2245 (nuru.
419 2166 516 2245 nun,
530 2133 1199 2246 rqaopmueucnaaeunauerm.
1210 2160 1408 2238 0440000,
1418 2169 1442 2228 a.
1454 2161 1508 2242 1v,
1518 2179 1549 2242 p.
1562 2171 1632 2235 rao,

344 2282 379 2331 n⁰
392 2272 477 2348 XVI,
489 2287 528 2332 cx
541 2271 609 2332 cod.
623 2271 699 2332 trad.
713 2287 772 2332 aec.
783 2267 864 2349 XV.)

235 2513 238 2518 ·
274 2484 356 2558 Otto
369 2505 489 2561 comes
501 2484 547 2557 de
563 2483 855 2575 Ebamtein,saori
873 2481 1009 2577 imperii
1025 2503 1089 2576 per
1103 2481 1278 2555 Austriam
1292 2491 1327 2554 st
1342 2481 1494 2575 styriam
1505 2481 1637 2578 capita·

226 2627 315 2680 neus
329 2618 365 2678 et
377 2604 837 2703 pmcurator(l)‚judicibus
848 2606 885 2678 in
900 2607 948 2678 La
962 2615 998 2678 et
1009 2606 1045 2679 in
1059 2604 1243 2680 llachland
1258 2615 1293 2676 et
1307 2605 1444 2678 officiali
1455 2606 1489 2678 iu
1505 2608 1639 2680 strant·

227 2730 376 2804 aendorl
393 2732 541 2806 salutem
564 2741 599 2804 et
622 2753 726 2804 omne
750 2732 894 2804 bonum.
912 2730 1118 2804 Mandamus
1132 2730 1233 2804 vobis
1250 2729 1455 2804 auctoritate
1471 2729 1640 2824 imperiali

227 2853 461 2950 precipientes
478 2863 513 2926 04
526 2865 644 2929 nostra
660 2863 832 2950 quatenus
846 2855 947 2927 vobis
965 2854 1097 2926 nullam
1114 2853 1391 2946 jurisdictionem
1411 2863 1472 2926 aut
1489 2865 1640 2948 provan-

230 2987 329 3052 tuum
343 2978 579 3072 receptionem
592 3001 655 3052 seu
669 2978 889 3052 exactionem
901 2979 938 3050 in
954 2978 1084 3073 prediis
1100 2977 1245 3050 ecclesie
1266 2977 1382 3050 Sancti
1399 2977 1541 3052 loannis
1560 2997 1643 3071 apo·

230 3103 310 3177 stoli
324 3111 361 3174 04
372 3103 584 3194 evangeliste
599 3104 635 3176 in
649 3103 854 3177 Walthusen
866 3103 1064 3196 aliqualiter
1078 3103 1290 3191 vendicetis,
1306 3102 1498 3176 secundum
1513 3099 1642 3194 quoda

232 3225 411 3320 quondam
440 3226 529 3300 duce
551 3226 689 3298 Austris
715 3226 888 3300 Friderico
912 3227 1086 3300 indultum
1105 3226 1172 3298 luit
1193 3226 1323 3316 eidem,
1346 3236 1451 3320 prout
1474 3225 1511 3298 in
1536 3225 1644 3321 ipsius

232 3349 417 3444 privilegio
439 3349 574 3444 plenius
600 3349 810 3425 continetur.
836 3350 903 3436 Qui
926 3361 1043 3424 autem
1068 3360 1189 3424 contra
1217 3360 1372 3424 tenorem
1397 3349 1502 3441 hujus
1526 3350 1644 3445 sculpti

233 3472 355 3549 venire
368 3473 630 3568 presumpserit,
642 3474 809 3548 offensam
827 3474 1046 3569 imperatorie
1062 3475 1252 3568 majestatis
1265 3483 1301 3546 ct
1313 3484 1466 3548 nostram
1482 3493 1520 3546 sc
1538 3493 1646 3546 nove·

235 3596 282 3668 rit
296 3595 531 3670 incursurum.

283 3721 412 3794 Datum
434 3730 520 3815 aput
539 3720 681 3810 mamm,
698 3742 792 3794 anno
812 3721 950 3794 Domini
970 3722 1018 3794 M.
1031 3721 1092 3794 OE.
1107 3722 1238 3811 XLVII,
1258 3723 1291 3794 X
1314 3720 1481 3818 kalendas
1501 3741 1644 3794 novem-

237 3842 322 3934 bris,
340 3843 386 3916 Vl
399 3842 612 3918 indictionis.

269 4146 305 4223 (4)
319 4146 376 4208 Hoc
388 4149 483 4207 eodem
496 4147 591 4214 oneo.
607 4163 676 4206 auno
688 4149 811 4223 seqrreml
824 4151 892 4208 tzi8
905 4153 964 4223 post
975 4150 1081 4224 junium
1094 4165 1224 4221 mensem,
1237 4151 1290 4206 dux
1303 4151 1360 4224 ipsa
1371 4150 1500 4208 Bavariae
1514 4149 1644 4223 iungeba-

240 4251 296 4319 tn,
306 4246 426 4306 emta:
436 4246 519 4304 uariis
535 4247 704 4306 docummtis
719 4248 910 4322 comperimus.
926 4248 1044 4318 Quorum
1065 4263 1149 4304 uuum
1166 4247 1249 4304 rolant
1263 4246 1365 4319 druna,
1385 4248 1473 4304 ntor.
1496 4247 1645 4323 Willurtop

241 4342 373 4416 rahrud,
388 4353 420 4402 n⁰
432 4347 479 4415 44,
490 4343 586 4402 datum
599 4344 670 4418 apud
683 4344 759 4416 huz,
776 4347 810 4404 ⁴2
824 4344 974 4404 decembris
988 4345 1069 4416 4248,
1083 4361 1137 4418 quo
1151 4344 1206 4402 dux
1222 4344 1285 4404 Otto
1301 4345 1430 4420 praecipit
1444 4345 1571 4407 omnibus
1582 4362 1646 4410 mu·

243 4441 353 4498 40000ίὶ0
366 4447 394 4498 04
412 4441 582 4500 thalamania
599 4441 763 4516 inpartibus
781 4449 867 4499 terrae
883 4443 1008 4498 Austriaa
1025 4449 1056 4498 nt
1073 4442 1136 4498 nihil
1158 4441 1266 4516 exigant
1285 4448 1378 4500 contra
1397 4448 1516 4502 tenorem
1534 4443 1646 4520 privile·

244 4535 348 4610 giem
359 4539 396 4597 ab
407 4537 569 4614 imperatore
581 4539 716 4598 Friderioo
729 4546 757 4597 ct
767 4555 785 4598 a
799 4539 913 4598 ducibus
924 4541 1049 4599 austriae
1063 4539 1151 4599 eidem
1163 4539 1305 4599 conventui
1318 4539 1492 4600 indultorum.

325 4861 379 4925 VI.
398 4877 487 4926 rma.
1451 4881 1488 4935 74
