4352 5940
467 626 530 688 coa
967 626 1182 693 rnrnunrcr
1205 629 1379 694 sncuunr
1685 627 1769 708 [aas.
1786 628 1873 691 rste.

519 756 773 858 [Innocentius,
789 757 875 859 ete]
890 761 963 834 Nisi
977 773 1098 838 contra
1112 765 1291 861 publicum
1308 764 1465 854 bostem,
1480 771 1536 836 ete
1539 812 1871 836 .........

469 1133 650 1206 Frederioo
665 1133 842 1226 quondam
857 1133 1092 1207 Romanorum
1108 1134 1316 1232 imperatore
1332 1135 1507 1208 civitatem
1525 1135 1636 1230 ipsam
1654 1131 1804 1231 (Parme)
1821 1134 1875 1206 in·

469 1258 600 1332 vadere
624 1269 660 1331 et
683 1259 810 1352 quibus
831 1267 947 1352 potest
972 1258 1103 1332 viribus
1129 1259 1272 1331 allidere
1298 1268 1494 1351 satagente,
1518 1259 1685 1332 zelatores
1709 1256 1875 1331 catholice

469 1382 638 1456 libertatis
660 1392 695 1454 et
717 1383 970 1476 reparationem
995 1394 1106 1456 status
1130 1383 1226 1457 ltalie
1254 1384 1434 1479 cupientes
1461 1383 1498 1454 in
1522 1382 1760 1456 defensionem
1786 1381 1877 1454 illius

471 1517 568 1580 tauto
584 1506 749 1578 attentius
763 1515 900 1601 oportet
914 1506 1095 1579 intendere
1109 1517 1240 1600 quanto
1256 1530 1327 1579 non
1344 1508 1456 1579 solum
1470 1506 1618 1579 civitatis
1634 1507 1755 1602 ipsius,
1765 1505 1827 1578 sed
1843 1515 1878 1578 et

473 1631 577 1704 totius
597 1630 746 1724 regionis
765 1631 885 1725 pejora
905 1631 1094 1704 novissima
1116 1629 1240 1703 lierent
1262 1651 1368 1724 quarn
1389 1631 1524 1727 priora,
1543 1631 1573 1704 si
1593 1630 1685 1703 idem
1702 1627 1877 1702 christiani

471 1754 622 1828 nominis
633 1763 833 1850 persecutor
846 1755 961 1826 locum
976 1776 1132 1848 aquosa
1147 1754 1242 1828 dolet
1254 1755 1437 1827 exclusum
1450 1777 1531 1826 cum
1545 1753 1726 1850 multiplici
1739 1752 1876 1850 spiritus

471 1879 616 1951 furentis
633 1878 787 1971 nequitia
806 1877 932 1950 iterum
952 1879 1136 1974 optineret.
1156 1879 1247 1950 Saue
1266 1879 1356 1951 sicut
1375 1878 1590 1975 accepimus,
1613 1877 1706 1950 idem
1727 1878 1767 1950 F.
1787 1876 1877 1948 vires

471 2012 557 2075 suas
573 2023 735 2100 reparare
755 2003 944 2098 disponens
964 2025 1051 2097 quas
1071 2025 1183 2099 nuper
1198 2002 1340 2074 robusta
1361 2024 1485 2074 manus
1505 2002 1711 2077 devotorum
1725 2001 1876 2076 Ecclesie

471 2128 507 2199 in
526 2127 634 2220 digito
650 2127 714 2200 Dei
728 2127 891 2200 contrivit
908 2127 1178 2224 viriliter,super
1195 2127 1327 2201 Padum
1344 2128 1490 2200 collecto
1504 2128 1598 2201 unde
1613 2127 1726 2223 potuit
1740 2126 1879 2220 navigio

472 2250 617 2342 lluviali,
633 2251 747 2323 aditus
763 2259 908 2323 conatur
923 2252 1103 2324 obstruere
1117 2273 1181 2347 per
1193 2274 1281 2346 quos
1295 2252 1331 2324 iu
1345 2252 1554 2324 victualibus
1567 2261 1604 2324 et
1618 2252 1694 2324 aliis
1709 2272 1877 2324 commer-

472 2376 534 2448 ciis
548 2375 764 2448 advehendis
778 2374 870 2446 illius
883 2376 1016 2447 navalis
1028 2375 1192 2470 triumphi
1204 2374 1371 2448 beneficio
1384 2397 1455 2470 quo
1469 2376 1593 2448 claruit
1606 2375 1877 2450 catervacatbo·

473 2500 559 2591 lica,
577 2500 699 2572 civitas
719 2502 854 2597 prefata
872 2501 1037 2596 respirat,
1057 2511 1097 2573 ut
1117 2523 1180 2597 per
1194 2501 1347 2574 inediam
1365 2502 1502 2575 illorum
1526 2503 1755 2574 constantiam
1774 2521 1877 2595 supo-

472 2644 550 2697 rare
579 2625 747 2698 fallaciter
775 2624 884 2721 possit
910 2625 1037 2718 quibus
1067 2621 1165 2723 [non]
1192 2627 1350 2720 prevalet
1377 2647 1439 2721 per
1461 2625 1638 2698 virtutem.
1665 2625 1750 2696 Cum
1776 2624 1880 2716 igitur

473 2747 619 2820 rideude
640 2747 910 2844 presumptionis
931 2747 1036 2841 hujus
1058 2749 1272 2844 propositum
1295 2748 1569 2842 magnitudinem
1585 2758 1735 2822 vestram
1757 2749 1880 2822 deceat

474 2873 670 2966 dedignari,
691 2924 863 2944 .....
887 2921 890 2928 ι
895 2924 1876 2945 .........................

478 3046 1462 3068 .........................
1489 2994 1695 3068 mandamus
1717 2995 1880 3090 quatinus

476 3245 591 3318 eidem
607 3242 738 3316 civitati
753 3263 795 3315 ac
809 3242 971 3315 lidelibus
987 3265 1051 3338 pro
1067 3243 1142 3337 ipsa
1162 3243 1374 3314 certantibus
1393 3252 1553 3338 potenter
1575 3254 1611 3315 et
1625 3243 1785 3316 celeriter
1802 3265 1880 3316 suc·

476 3369 635 3442 curratis.
648 3369 702 3439 Ex
713 3367 783 3440 boo
800 3367 942 3462 quidem
955 3367 1135 3439 meremini
1145 3367 1292 3460 gratiam
1305 3367 1400 3463 apud
1413 3368 1537 3458 Deum,
1553 3377 1620 3439 etc.
1704 3381 1710 3388 ’

533 3955 700 4038 Potestas
721 3967 757 4036 et
779 3978 980 4036 commune
1004 3953 1266 4036 Parmensium
1290 3954 1467 4063 potestati
1488 3963 1525 4036 et
1542 3951 1700 4036 oonsilio
1717 3952 1882 4036 Placen-

478 4081 707 4172 tiae'contra
729 4086 997 4197 imperatorem
1020 4087 1086 4196 qui
1109 4087 1243 4170 iterum
1270 4086 1412 4171 civitati
1438 4085 1675 4169 obsidionem
1700 4088 1882 4192 minatur,

480 4221 693 4305 subsidium
714 4230 866 4330 petunt3
887 4220 988 4329 quod
1010 4229 1047 4302 et
1064 4219 1136 4329 ipsi
1155 4218 1360 4302 Placentini
1376 4219 1655 4328 repromittunt.

561 4423 683 4500 (lnedlt.
695 4440 733 4483 ex
747 4423 813 4483 cod.
824 4421 901 4484 Blbl.
917 4421 1015 4484 Cesar.
1032 4424 1141 4500 Paris„
1155 4420 1316 4500 cnesocds
1329 4419 1415 4494 lotia,
1426 4432 1458 4483 n⁰
1470 4431 1549 4484 8⁵⁶4
1562 4423 1599 4490 t,
1615 4421 1669 4483 tol.
1683 4431 1718 4482 ta
1734 4420 1843 4500 verso.)

527 4597 707 4671 Nobilibus
722 4597 806 4669 viris
825 4607 860 4668 et
876 4598 1032 4670 discretis
1050 4597 1211 4692 potestati
1226 4606 1260 4667 et
1273 4597 1415 4669 consilio
1429 4596 1602 4668 Placentia
1620 4595 1692 4667 suis
1715 4605 1752 4667 ut
1770 4595 1885 4668 iratri-

478 4723 545 4794 bus
560 4732 594 4793 et
612 4721 744 4812 amicis,
758 4731 911 4816 potestas
925 4731 961 4792 et
973 4721 1154 4793 eonsilium
1171 4729 1206 4792 et
1221 4741 1405 4794 commune
1418 4713 1568 4793 civitatis
1581 4719 1775 4793 Parmensis
1792 4721 1886 4792 salu·
