4310 5908
237 612 337 676 aaa.
353 614 398 690 r]
681 609 878 676 rrrsronra
901 609 1199 698 nrauorrtrrta

293 1050 524 1152 Friderieus‚
564 1050 822 1134 Romanorum
854 1051 1076 1162 imperator,
1115 1049 1240 1138 Ticcio
1276 1055 1324 1136 de
1361 1049 1464 1137 Colle
1505 1051 1645 1138 ueario
1729 1083 1816 1169 “uf

241 1183 368 1266 Sancti
388 1182 530 1282 Quirini
548 1191 585 1266 et
602 1181 840 1291 episcopatus
867 1183 1043 1270 Senensis
1071 1187 1231 1268 mandat
1251 1195 1294 1270 ut
1311 1186 1534 1270 scatentem
1554 1213 1645 1271 suae

240 1340 403 1424 maguae
437 1317 564 1398 curiae
598 1314 647 1396 ad
682 1315 966 1424 requisitionem
1002 1316 1150 1400 abbatis
1191 1317 1317 1401 Sancti
1353 1317 1558 1401 Salvatcris
1597 1318 1646 1402 de

239 1447 365 1530 llcute
389 1447 540 1530 Amiato
558 1459 690 1530 contra
710 1447 893 1534 laccbum
914 1449 1125 1534 baroncelli
1152 1459 1435 1560 procuratorem
1460 1451 1646 1536 Frederiei

239 1590 276 1664 et
301 1577 463 1690 Pepouis
493 1580 633 1664 civium
661 1581 884 1666 Seueusium
915 1609 1028 1694 super
1052 1592 1176 1666 castro
1202 1583 1310 1668 Plani
1339 1585 1575 1696 Castaguarii
1605 1585 1646 1668 in

241 1710 409 1796 favorem
427 1711 598 1826 ejusdem
617 1712 765 1798 abbatis
790 1712 923 1820 latam,
944 1740 1014 1824 pro
1033 1742 1078 1800 ec
1103 1717 1209 1826 quod
1230 1716 1269 1797 iu
1295 1716 1558 1826 appellationis
1580 1717 1647 1800 iu-

240 1847 380 1930 sunus
414 1857 567 1957 propter
606 1849 724 1958 partia
766 1851 946 1934 adversae
977 1847 1065 1932 licet
1105 1849 1331 1959 appellantis
1366 1852 1646 1936 contumaciam

240 1979 465 2069 confirmata
481 1979 609 2086 fuerit,
633 1980 674 2062 in
692 1982 879 2089 praesenti
897 1981 1051 2092 exsequi
1069 2008 1147 2066 nou
1161 1983 1325 2066 omittat.

321 2219 555 2298 (ilementum.
571 2218 736 2293 Borma,
750 2219 861 2302 Rapuit.
877 2220 994 2302 imper„
1006 2238 1037 2300 p.
1053 2229 1199 2302 tonnus,
1211 2232 1246 2283 n⁰
1261 2223 1363 2303 1162.)

288 2433 328 2504 Dr
342 2441 414 2504 tum
429 2429 591 2527 Neapoli,
607 2429 772 2506 vicesimo
788 2432 910 2526 quinto
924 2431 1025 2523 maii,
1039 2433 1186 2529 septima
1199 2433 1399 2510 indictione.

294 2961 464 3046 Exeume
485 2987 617 3044 mense
638 2962 756 3046 madii
777 2964 1033 3050 Bononienses
1054 3026 1121 3048 ...
1142 2965 1328 3050 hostiliter
1354 2966 1538 3076 albergati
1558 2975 1648 3050 sunt
1747 2975 1769 3007 ⁰¹
1800 2961 1814 3012 ·³

243 3097 346 3204 apud
382 3093 592 3180 Castellum
618 3095 830 3203 francum,
867 3099 1034 3182 volentes
1065 3099 1261 3182 devastare
1286 3099 1529 3184 Mutinenses.
1563 3102 1649 3200 Quo

242 3228 373 3310 audito
390 3255 415 3309 a
431 3254 521 3337 rege
538 3227 655 3311 Ennio
672 3230 740 3338 qui
757 3243 839 3313 erat
860 3230 900 3311 iu
921 3231 1125 3338 Cremona,
1146 3242 1297 3340 accepta
1314 3233 1525 3340 quantitate
1542 3233 1650 3316 mili-

240 3363 314 3444 tiae
333 3361 541 3445 Cremonae
557 3373 596 3444 et
612 3361 692 3446 suis
710 3363 915 3471 militibus,
935 3386 1002 3471 per
1019 3374 1174 3473 ponmm
1200 3366 1248 3446 de
1272 3361 1439 3449 bersello
1460 3361 1648 3452 transiens

240 3496 426 3580 Mutinam
448 3495 641 3605 equitavit.
664 3497 711 3579 Et
732 3497 796 3580 die
819 3498 996 3580 mercurii
1020 3497 1086 3580 Vll
1112 3497 1294 3581 kalendas
1315 3497 1430 3607 junii,
1449 3523 1539 3584 cum
1556 3498 1648 3612 ipsis

240 3629 542 3714 Bononiensibus
563 3689 574 3711 .
596 3689 605 3710 .
626 3690 636 3711 .
658 3655 735 3712 nou
753 3629 886 3738 procul
904 3656 928 3711 a
944 3640 1059 3738 ponte
1076 3631 1124 3712 de
1147 3627 1286 3714 Sancto
1305 3631 1510 3716 Ambrosio
1534 3653 1650 3742 prae-

242 3761 356 3844 liatus
382 3760 476 3868 fuit,
504 3772 542 3844 et
571 3761 691 3844 fracta
716 3763 852 3844 militia
880 3762 980 3871 regis
1011 3763 1266 3848 Bononienses
1295 3773 1476 3872 ceperunt
1503 3767 1647 3849 dietum
1698 3757 1701 3764 ⁴

242 3919 371 4003 regem
393 3919 482 3976 eum
506 3893 685 3977 omuibus
711 3894 896 3977 militibus
920 3920 1012 3978 suae
1036 3895 1201 3978 cohortis
1227 3906 1264 3978 et
1290 3897 1389 3980 eirea
1417 3897 1477 3980 CC
1508 3899 1647 3983 milites

243 4027 466 4130 Cremonae,
488 4026 587 4109 inter
604 4049 701 4137 quos
719 4026 791 4110 fuit
813 4023 948 4111 Rosius
965 4029 1015 4112 de
1033 4027 1196 4110 Dcvaria
1219 4037 1256 4111 et
1277 4025 1339 4112 XL
1360 4029 1500 4112 milites
1523 4029 1645 4116 Muti-

242 4181 391 4266 ueuses,
411 4169 482 4242 etc.
507 4159 676 4244 Circuit.
699 4163 745 4241 de
762 4163 839 4242 ret.
862 4161 902 4242 in
920 4165 1009 4244 ital.
1030 4160 1156 4270 ymni,
1177 4185 1215 4271 p.
1238 4164 1331 4247 219.

294 4669 535 4758 Innocentius
557 4702 656 4787 papa
677 4653 838 4764 Hearicc
862 4680 1063 4791 Frajapaui
1081 4683 1211 4794 palatii
1232 4686 1495 4772 lateranensis
1519 4692 1648 4776 comiti
1704 4685 1819 4783 biit:

320 4809 373 4870 v1.
394 4824 481 4870 rma.
1451 4833 1487 4886 93
