4300 5916
210 599 211 602 Ὺ
235 639 337 701 ruer.
356 635 425 717 rar
685 633 881 702 ursroala
906 631 1202 704 ntetolmrroa.
1580 631 1641 706 sol

235 773 399 870 penheim
415 774 460 846 ab
477 774 526 846 eis
547 773 727 868 bucusque
748 776 856 873 recipi
871 776 1005 849 solebat
1018 777 1056 849 iu
1069 779 1179 866 Reno,
1199 776 1268 848 sint
1285 775 1330 848 de
1343 786 1459 848 cetero
1474 776 1640 869 absoluti,

235 899 301 970 sub
317 887 463 970 obtentu
479 899 595 992 gracie
614 901 737 994 prelati
753 900 885 973 domini
900 923 942 973 ac
957 902 1065 995 patris
1081 901 1188 973 nostri
1205 911 1240 972 et
1254 909 1371 972 nostre
1387 897 1530 972 firmiter
1547 901 1641 973 inhi-

233 1022 358 1095 bentes
372 1043 418 1094 ne
433 1023 511 1117 quis
526 1022 607 1095 huic
620 1024 731 1116 gratie
747 1047 784 1098 se
801 1035 967 1121 opponat.

283 1147 402 1219 Testes
412 1148 452 1220 L.
463 1148 725 1220 wormatiensis
740 1149 957 1245 episcopus„
974 1203 1004 1222 ..
1020 1148 1256 1240 marcgravius
1270 1147 1314 1220 de
1327 1147 1520 1240 Homborg,
1535 1149 1577 1221 G.
1595 1147 1642 1221 do

233 1267 452 1360 llohenlooh‚
477 1269 580 1343 Crah't
601 1269 646 1342 de
669 1263 868 1366 Bouspcrg,
892 1257 1092 1344 Wolrerath
1115 1257 1160 1343 d'e
1189 1259 1375 1361 uneheim,
1393 1270 1572 1343 Corradus
1594 1269 1641 1342 de

233 1394 413 1467 Smidefelt
432 1393 567 1490 dapifer
586 1403 716 1486 noster,
735 1394 912 1490 Philippus
930 1395 975 1468 do
992 1394 1189 1485 llohinfels‚
1206 1395 1385 1490 Philippus
1405 1394 1450 1467 de
1469 1394 1637 1468 Vallens-

232 1519 341 1609 stein‚
370 1517 549 1592 Conradus
578 1518 692 1591 dictus
715 1518 828 1614 Croph
860 1518 1089 1612 burcgravius
1113 1519 1216 1592 castri
1243 1519 1386 1609 Trilels‚
1410 1517 1640 1611 Marquardus

232 1642 424 1715 sohultetus
440 1640 484 1713 de
500 1640 728 1737 Oppenheim,
747 1639 868 1714 fideles
881 1641 1009 1732 nostri,
1030 1641 1140 1715 etalii
1157 1643 1393 1737 quamplures.

280 1757 326 1839 Ut
338 1757 444 1859 igitur
462 1765 628 1861 premissa
649 1755 846 1860 supradicta
864 1755 998 1838 civibus
1019 1755 1334 1838 wormaciensibus
1354 1749 1638 1856 irrefragabiliter

231 1881 471 1980 observentur,
490 1901 556 1962 nos
574 1901 718 1987 presens
737 1879 903 1985 scriptum
921 1879 1025 1983 sigilli
1049 1877 1161 1962 nostri
1179 1875 1369 1961 munimibe
1390 1887 1560 1960 duximus·
1577 1897 1635 1960 ἰό-

229 2014 437 2086 horandum.

277 2135 403 2209 Actum
417 2146 453 2209 et
466 2136 586 2209 datum
604 2136 641 2208 in
661 2137 781 2209 castris
799 2134 894 2231 apud
908 2135 1153 2228 Wormatiam,
1175 2155 1272 2208 anno
1285 2133 1458 2206 dominice
1477 2133 1635 2206 incarna-

230 2259 331 2333 tionis
343 2261 526 2333 millesimo
539 2261 720 2350 coma
732 2251 776 2333 lll
792 2260 958 2334 kalendas
973 2259 1134 2354 augusti,
1146 2247 1208 2333 llll
1225 2259 1436 2333 indictionis.

428 2597 1437 2616 mmm-*nnn*—

279 2883 395 2973 lluuo'
416 2877 468 2972 Μ.
482 2879 555 2971 CC.
568 2877 682 2990 llll,
706 2903 842 2970 mense
862 2889 1045 3018 auguste,
1074 2884 1179 2970 teuit
1162 2873 1398 2970 {Comedus
1421 2904 1487 2969 rex·
1510 2875 1629 2971 Wor-
1688 2919 1749 2970 lua
1736 2923 1797 2961 o

223 3021 381 3103 matiam
391 3031 566 3130 ,petens
592 3017 775 3103 auxilium
806 3009 937 3103 obers
967 3020 1007 3100 in
1036 3005 1274 3128 [lingoniam.
1305 3007 1630 3128 praeparaverunt
1707 2972 1806 3024 mm

221 3151 352 3262 itaque
373 3153 501 3235 statim
523 3179 638 3236 neres
661 3152 868 3262 peroptime
889 3161 1125 3235 constructas
1146 3144 1443 3260 propugnaculis
1463 3137 1623 3259 bellicis,

220 3295 259 3368 et
289 3286 565 3368 descenderunt
594 3285 831 3396 llingawiam
862 3309 951 3367 cum
988 3284 1160 3367 ducentis
1194 3285 1351 3366 armatis
1379 3295 1416 3368 et
1451 3287 1625 3394 expensis

219 3416 512 3523 honestissimis,
528 3428 727 3528 sequentes
744 3442 872 3527 regem
891 3444 959 3526 per
977 3443 1043 3501 sex
1060 3416 1321 3500 hebdomadas
1337 3418 1510 3526 expensis
1529 3445 1625 3528 pro-

218 3550 313 3660 priis
334 3577 448 3661 super
465 3551 656 3635 civilatem
676 3549 995 3634 Wormetiensem
1013 3550 1122 3632 fectis
1143 3551 1193 3632 ad
1214 3560 1400 3632 trecentas
1419 3576 1568 3634 marcas
1585 3563 1624 3634 et

71 3749 72 3757 r
219 3682 399 3792 amplius.
429 3683 637 3793 Postquam
661 3709 749 3767 rero
773 3709 840 3766 rex
867 3683 978 3766 villas
1005 3682 1083 3766 fere
1113 3708 1247 3766 omnes
1275 3684 1520 3767 succenderat
1542 3684 1619 3793 (1),

218 3819 469 3900 reversus-est
484 3825 522 3900 et
539 3817 643 3900 ciros
659 3833 751 3899 cum
775 3831 825 3900 eo
847 3817 891 3896 in·
907 3815 1106 3899 Natiuitate
1129 3815 1293 3898 Sanctae¹
1310 3816 1462 3900 Mariae.
1484 3821 1616 3899 Arndt.
1689 3891 1691 3896 .

223 3954 377 4057 Worar„
397 3969 460 4059 ap.
480 3951 671 4056 honours,
691 3954 835 4052 Pontes
856 3951 885 4030 t.
908 3949 956 4054 ll,
975 3975 1016 4059 p.
1041 3943 1131 4031 182².

251 4243 288 4318 (t)
305 4243 379 4302 llaec
391 4249 433 4302 est
444 4243 532 4320 prima
544 4244 644 4302 monuo
657 4242 723 4301 belli
733 4258 751 4302 a
761 4242 882 4302 Conrado
898 4239 991 4301 contin
1004 4229 1236 4316 archiepiscopum*
1252 4233 1486 4314 hlagurltinehsenl'
1499 4247 1528 4302 et
1545 4231 1625 4304 tiles*

214 4339 433 4416 llaguntinenses
450 4342 528 4414 illati,
548 4343 621 4418 quod
639 4359 693 4400 non
712 4347 775 4400 ante
797 4349 903 4416 tempus
919 4343 1050 4401 assurum
1068 4341 1217 4416 incoepisse
1231 4341 1403 4411 arbitremur,
1421 4356 1505 4415 quum
1523 4357 1617 4402 mense

214 4438 347 4498 februario
359 4439 481 4514 eiusdem
493 4441 555 4498 anot
568 4441 783 4514 lle'guuhneus'es‘
795 4429 919 4498 adhucib
933 4429 986 4498 lide
995 4429 1065 4514 regis
1075 4445 1104 4497 et
1114 4439 1284 4514 imperatoris
1296 4431 1482 4512 persisterent.
1497 4429 1615 4499 archie-

215 4537 341 4612 piscopus
351 4545 444 4596 auum
452 4527 523 4596 bello
534 4537 610 4610 quasl
621 4538 728 4612 siguum
739 4531 1132 4612 norcomannorum
1148 4533 1223 4594 dhcls
1234 4528 1401 4594 Baranaeet
1413 4535 1518 4595 comitis
1529 4537 1615 4597 ilhem

215 4629 411 4710 puaau'jmth
422 4635 733 4696 Rhenumderastmuo.
