4306 5914
543 640 609 704 W»
1042 634 1262 700 tutotuto}
1282 632 1461 698 sltcuttnt
1762 637 1844 721 [dart.
1863 641 1955 706 M.

593 775 844 878 [Innocentius,
862 771 948 875 ete]
964 775 1015 848 Ne
1038 795 1102 872 per
1122 771 1343 846 Fredericum
1362 769 1539 866 quondam
1557 771 1800 868 imperatorem
1817 777 1875 848 vel
1892 779 1957 850 mi·

543 903 671 978 nistros
685 900 807 998 ipsius,
826 909 931 997 prout
947 910 1000 972 est
1015 899 1121 972 moris
1138 898 1306 993 ipsorum,
1325 896 1411 968 falsa
1429 917 1493 992 pro
1508 896 1601 970 veris
1615 897 1661 970 de
1678 906 1826 972 tractatu
1845 903 1957 974 retor-

543 1027 670 1101 mande
687 1027 782 1124 pacis
797 1026 887 1098 intra
901 1025 1090 1098 Ecclesiam
1106 1034 1142 1096 et
1157 1022 1318 1095 eumdem
1336 1020 1398 1093 tibi
1419 1029 1455 1094 et
1471 1021 1548 1093 aliis
1564 1022 1694 1095 meritis
1706 1023 1859 1098 Ecclesia
1876 1024 1957 1099 tiliis

541 1156 682 1230 ualeant
702 1151 872 1242 intimari,
893 1173 941 1224 ex
959 1149 1086 1244 quibus
1107 1149 1214 1222 corda
1235 1145 1391 1220 fidelium
1404 1145 1535 1218 asedis
1550 1145 1748 1244 Apostolice
1767 1149 1956 1224 devotione

543 1257 762 1375 torpescam,
792 1276 1012 1348 serenitatem
1044 1282 1141 1346 tuam
1160 1269 1235 1370 (sic)
1259 1270 1480 1367 presentibus
1506 1270 1723 1344 declaramus
1752 1275 1851 1368 qma
1875 1297 1957 1350 cnm

542 1401 660 1475 nuncii
677 1401 834 1495 ejusdem
848 1401 886 1472 F.
905 1398 951 1472 ud
966 1420 1085 1471 carum
1106 1397 1141 1468 in
1158 1396 1293 1469 Christo
1308 1393 1418 1466 filium
1438 1405 1595 1467 nostrum
1612 1417 1730 1490 regem
1745 1398 1956 1471 Francorum

542 1528 713 1600 illustrem
732 1523 875 1598 obtenta
897 1523 1035 1596 licentia
1050 1519 1228 1612 veniendi,
1243 1519 1288 1591 ab
1305 1519 1380 1615 ipsc
1396 1519 1599 1615 suppliciter
1614 1521 1839 1616 irnplorment
1854 1534 1894 1595 ut
1909 1525 1956 1598 ad

541 1649 740 1744 hujusmodi
756 1647 977 1723 concordiam
999 1645 1187 1719 ineundam
1208 1644 1444 1740 interponeret
1468 1653 1584 1738 partes
1602 1665 1696 1736 snas,
1719 1666 1784 1718 nos
1804 1645 1887 1719 lieet
1909 1646 1956 1719 ad

543 1776 651 1872 ipsius
673 1773 764 1866 regis
785 1772 984 1846 instantiam
1011 1780 1208 1868 pateremur
1229 1778 1269 1841 ut
1290 1769 1412 1841 audire
1435 1767 1500 1840 sibi
1521 1768 1565 1842 de
1585 1780 1704 1842 nostru
1727 1769 1956 1866 permissione

543 1902 664 1976 liceret
685 1899 782 1994 quod
806 1897 918 1970 nuntii
941 1897 1123 1970 memorati
1145 1916 1339 1992 proponere
1361 1894 1580 1986 gestiebant,
1593 1895 1675 1988 quia
1697 1905 1813 1968 tamen
1838 1897 1958 1970 nullus

542 2025 726 2100 concordie
737 2021 790 2122 (o)
804 2045 945 2122 prorsus
960 2029 1126 2096 tractatus
1137 2020 1377 2094 admitteretur
1389 2041 1411 2092 a
1424 2019 1538 2111 nobis,
1548 2041 1611 2116 per
1626 2041 1731 2114 quem
1741 2021 1844 2112 juxta
1861 2029 1958 2094 leno

512 2211 522 2226 ,
543 2174 617 2226 rem
636 2151 804 2224 sententie
820 2171 841 2222 a
855 2148 955 2221 nobis
971 2148 1104 2222 dudum
1118 2145 1276 2238 Lugduni
1293 2165 1391 2217 sacro
1406 2144 1621 2242 approbante
1634 2144 1782 2218 concilio
1797 2147 1956 2240 promul·

543 2282 641 2366 gete,
658 2291 763 2366 quam
788 2278 929 2341 auctore
950 2267 1096 2340 Domino
1116 2265 1362 2340 invielabiliter
1382 2264 1580 2338 executioni
1603 2264 1768 2337 mandare
1789 2265 1957 2362 proponi-

543 2419 642 2487 mus,
664 2405 782 2492 posset
805 2393 935 2466 bomini
960 2401 1150 2464 memorato
1177 2391 1232 2464 vel
1258 2390 1300 2464 C.
1319 2399 1402 2462 nato
1429 2411 1492 2462 suo
1519 2389 1703 2486 imperinm
1726 2387 1783 2462 vel
1808 2411 1961 2483 regnum

543 2520 754 2616 aliquatinus
768 2539 961 2609 remanere,
970 2517 1139 2612 prelibato
1153 2537 1234 2610 rege
1249 2513 1330 2588 fidei
1344 2513 1511 2588 catholice
1525 2524 1561 2586 et
1574 2513 1715 2586 honoris
1731 2514 1960 2588 ecelesiastici

543 2647 692 2719 zelatore
706 2666 785 2717 cum
801 2641 1016 2740 plenitudine
1030 2640 1139 2735 gratie
1156 2640 1248 2713 sedis
1264 2638 1460 2736 Apostolice
1475 2638 1541 2710 iter
1554 2649 1784 2734 persequente
1799 2639 1959 2735 peregri·

543 2770 695 2846 nationis
714 2778 891 2865 arreptum
904 2764 972 2864 (l),
993 2765 1098 2838 iidem
1120 2764 1233 2836 nuntii
1251 2785 1314 2836 suo
1335 2784 1432 2836 casso
1451 2763 1627 2858 proposito
1647 2763 1821 2836 abierunt.
1839 2765 1958 2850 Quare

544 2915 614 2968 non
632 2894 743 2966 solum
761 2892 805 2966 de
825 2891 892 2963 hiis
912 2889 1133 2962 serenitatem
1155 2899 1249 2960 uram
1269 2887 1370 2960 reddi
1393 2888 1554 2980 volumus
1573 2887 1778 2978 certiorem,
1796 2887 1856 2959 sed
1878 2887 1959 2961 aliis

544 3017 786 3116 circumposito
802 3015 952 3109 regionis
965 3036 1028 3110 per
1046 3025 1079 3086 te
1095 3014 1260 3109 premissa
1279 3010 1353 3084 lieri
1371 3012 1533 3086 volumus
1545 3011 1741 3102 manifesta,
1757 3023 1796 3084 ut
1810 3013 1839 3084 si
1855 3034 1959 3085 secus

544 3165 649 3244 quam
664 3165 769 3239 super
782 3139 988 3214 describitur
998 3139 1180 3229 relcratnr,
1190 3138 1279 3210 sicut
1292 3138 1432 3209 tandem
1446 3137 1555 3208 lutere
1567 3157 1639 3208 nou
1652 3136 1778 3231 poterit
1791 3147 1827 3208 et
1839 3138 1962 3234 operis

545 3267 784 3365 compmbabit
799 3267 954 3356 allectus,
972 3263 1191 3336 mendacium
1207 3262 1252 3334 ab
1269 3260 1439 3334 universis
1453 3271 1489 3335 et
1503 3261 1646 3356 singulis
1661 3271 1853 3360 reputetur.

598 3817 835 3922 Fridericus,
870 3815 1129 3900 Romanorum
1164 3809 1388 3920 imperator,
1428 3809 1580 3892 nuntiat
1616 3808 1698 3920 regi
1738 3805 1953 3918 lngiorem

546 3953 653 4066 quod
673 3977 751 4036 non
771 3947 895 4062 potuit
919 3946 1088 4030 obtulere
1105 3969 1238 4054 pacem
1264 3969 1352 4026 curu
1377 3969 1494 4056 papa,
1515 3943 1602 4026 lieet
1626 3968 1696 4026 rex
1718 3941 1959 4026 Francorum

547 4097 673 4204 partes
692 4110 783 4170 suas
800 4082 906 4192 apud
921 4106 1008 4164 eum
1027 4076 1303 4188 interposuerit.

586 4287 631 4371 (a)
651 4287 736 4350 llunc
749 4265 853 4347 rocem
866 4283 1048 4362 epplenus,
1060 4295 1153 4360 pum
1167 4281 1198 4342 ln
1213 4279 1314 4341 codice
1326 4277 1363 4340 dc
1376 4277 1454 4341 ltctll
1467 4279 1524 4359 lapi
1537 4293 1600 4340 non
1611 4279 1751 4358 potuerlt.

583 4585 619 4660 (t)
637 4581 776 4658 Quomodo
783 4581 817 4640 ab
827 4581 879 4639 isto
888 4595 950 4638 urm
961 4576 1171 4654 pupucclloquio
1178 4577 1253 4653 apud
1259 4577 1417 4652 Lugdunum
1428 4593 1520 4636 meuse
1528 4575 1597 4654 julio
1610 4577 1746 4636 incessum
1758 4575 1891 4634 celebrato
1900 4575 1952 4634 Lu·

547 4683 659 4744 doricus
671 4682 711 4739 lx
722 4685 843 4739 moestus
851 4683 879 4736 et
892 4691 978 4750 nsque
995 4675 1029 4732 ad
1040 4675 1108 4733 iram
1118 4681 1278 4748 provocatus
1291 4675 1440 4750 recesserit,
1458 4675 1525 4734 satis
1538 4675 1627 4752 ample
1644 4673 1789 4749 descripsit
1802 4669 1953 4732 mamaeae

546 4780 727 4855 Permulta.
741 4777 809 4852 mei.
823 4775 950 4850 tantm„
965 4774 999 4834 ed
1016 4790 1079 4833 anu.
1095 4774 1174 4846 tate,
1188 4788 1217 4847 p.
1234 4775 1297 4832 ott.
