4310 5908
246 561 345 622 luctor.
361 563 407 639 'l.]
694 563 892 628 HISTORIA
917 563 1211 628 clancularius.
1593 567 1654 632 749

245 691 312 764 bus
338 692 504 788 precipua
533 713 597 766 nos
617 715 701 766 cura
724 695 926 796 sollicitat),
952 707 1022 769 tam
1043 697 1193 769 libenter
1214 717 1318 790 quam
1342 695 1487 768 viriliter
1515 717 1651 771 assum·

245 815 353 910 psisse
368 816 540 888 videmus.
553 816 608 889 Ad
626 819 721 911 quod
737 821 845 892 vellet
860 821 1087 915 personaliter
1101 830 1137 892 et
1150 828 1310 916 potenter
1323 841 1395 891 una
1411 820 1591 894 vobiscum
1606 823 1653 898 ad

245 955 388 1028 presens
407 933 509 1031 (teste
525 956 687 1031 supremo
702 936 837 1034 Iudice)
859 941 1013 1034 potentie
1035 949 1154 1011 nostre
1175 937 1287 1010 virtus
1302 936 1504 1031 insurgere,
1526 949 1567 1012 nt
1591 941 1653 1015 ubi

245 1058 397 1130 maximo
420 1081 477 1130 res
498 1070 616 1132 nostra
635 1061 761 1154 agitur,
791 1073 965 1136 tantorum
991 1062 1184 1160 principum
1210 1061 1374 1134 societate
1402 1070 1471 1133 tam
1496 1061 1652 1157 gratifica

244 1181 406 1254 comitiva
428 1183 576 1273 suffulti,
599 1184 752 1276 gaudere
768 1207 967 1280 possemus,
988 1187 1053 1258 nisi
1069 1194 1237 1280 concepta
1252 1184 1384 1256 dudum
1401 1186 1458 1257 vel
1473 1186 1652 1280 antiquato

244 1304 329 1397 quin
351 1307 467 1401 potius
482 1329 572 1403 papo
595 1309 704 1382 nostri
730 1311 906 1405 nequitia,
932 1321 1002 1383 tam
1025 1311 1060 1381 in
1081 1309 1135 1380 his
1155 1329 1260 1404 quam
1277 1309 1313 1379 in
1333 1308 1430 1399 aliis,
1451 1319 1556 1404 prout
1570 1311 1650 1383 nni·

243 1429 389 1500 versalia
410 1431 485 1523 jam
510 1433 605 1504 notio
630 1434 805 1527 publicat,
826 1435 953 1508 nostris
972 1432 1154 1507 desideriis
1172 1432 1332 1505 obviaret
1349 1433 1407 1506 vel
1426 1445 1647 1530 repugnaret.

243 1552 420 1626 vellemus
435 1555 676 1646 nibilominus,
700 1558 784 1631 dum
801 1559 995 1655 personalia
1008 1578 1080 1628 non
1094 1557 1264 1652 possimus
1278 1556 1525 1648 adjuvamenta
1540 1559 1652 1654 porri·

243 1694 325 1767 gere
352 1677 452 1750 vobis
475 1688 510 1750 et
532 1679 628 1772 genti
649 1690 783 1771 vestre,
805 1681 850 1755 de
878 1680 1048 1776 suffragiis
1073 1681 1149 1752 aliis
1171 1690 1207 1752 et
1227 1680 1405 1776 opulentia
1430 1681 1527 1774 regni
1542 1684 1652 1756 nostri

243 1799 425 1892 magnifice
451 1804 656 1898 providere,
679 1805 708 1876 si
731 1805 868 1878 caristia
882 1805 1084 1877 victualium
1102 1826 1171 1897 que
1186 1804 1223 1875 in
1245 1825 1353 1896 regno
1376 1815 1495 1877 nostro
1515 1806 1651 1878 duobus

239 1925 311 2015 jum
325 1926 497 2019 preteritis
504 1928 605 2000 annis
613 1928 773 2020 invaluit,
785 1940 820 2001 et
832 1939 1036 2026 potestatem
1049 1929 1189 2000 inclusit
1201 1928 1390 2001 voluntatis
1397 1939 1527 2019 nostre,
1544 1952 1649 2023 quam

242 2069 347 2144 snper
375 2049 442 2122 boc
467 2064 662 2149 promptam
687 2063 723 2126 et
744 2063 901 2148 paratam
929 2053 1123 2144 offerimus,
1151 2073 1222 2124 non
1247 2053 1413 2124 obstaret.
1443 2055 1647 2147 Quanquam

241 2170 347 2264 igitur
367 2175 468 2246 vobis
492 2186 527 2247 et
548 2176 689 2266 vestris,
723 2176 837 2249 causis
859 2199 945 2272 quas
967 2177 1138 2267 diximus,
1157 2185 1275 2249 nostre
1292 2175 1487 2248 serenitatis
1512 2176 1649 2250 allectio

241 2315 313 2366 non
342 2297 509 2389 valuerit,
535 2299 624 2371 sicut
645 2299 775 2390 voluit,
799 2300 1026 2372 amicabiliter
1051 2298 1252 2395 providers3
1279 2299 1503 2371 nibilominus
1532 2308 1648 2372 tamon

238 2430 354 2492 vestra
372 2419 558 2493 dilectione
577 2423 740 2496 commoti
757 2434 792 2495 et
811 2433 881 2496 tam
900 2423 1028 2496 salubri
1058 2422 1241 2496 commodo
1260 2422 1438 2519 persuasi,
1463 2423 1648 2495 maluimus

240 2543 341 2616 nobis
356 2544 439 2640 ipsis
462 2555 498 2616 et
513 2544 673 2618 fidelibus
696 2547 823 2620 nostris
842 2546 1026 2638 regnicolis
1046 2547 1082 2617 in
1105 2547 1181 2642 ipsa
1194 2545 1394 2618 victualium
1415 2545 1648 2620 subtractione

241 2665 383 2760 deesse,
400 2691 505 2761 quam
523 2669 623 2742 vobis
649 2681 684 2741 et
703 2669 864 2743 fidelibus
893 2671 1018 2744 vestris
1045 2680 1081 2744 et
1111 2671 1186 2742 aliis
1213 2669 1312 2762 regni
1335 2670 1442 2743 vestri
1473 2669 1648 2743 nobilibus

240 2791 300 2885 qui
319 2815 383 2887 per
403 2815 549 2887 regnum
574 2804 730 2867 nostmm
755 2795 935 2865 transitum
954 2793 1171 2886 babuerunt,
1199 2793 1235 2865 in
1264 2803 1335 2865 tam
1357 2794 1452 2866 utilis
1477 2804 1513 2867 et
1537 2795 1649 2868 sancti

240 2915 407 3011 propositi
420 2916 661 3012 persecutione
677 2915 847 3006 deficere,
861 2916 897 2987 in
914 2917 1040 3012 quibus
1056 2917 1180 2989 vestris
1198 2928 1234 2990 ot
1246 2938 1366 2990 eornm
1384 2917 1647 2990 necessitatibus

239 3048 358 3110 nostra
386 3050 504 3135 posset
532 3039 719 3112 liberalitas
741 3041 938 3113 subvenire.
963 3043 1082 3137 Nuper
1104 3041 1197 3113 enim
1216 3042 1262 3113 ad
1281 3041 1538 3115 ostendendum
1558 3061 1647 3137 pure

237 3162 432 3235 dilectionis
446 3163 633 3254 indicium,
656 3185 761 3257 quam
776 3165 823 3236 ad
838 3186 901 3237 vos
919 3175 956 3236 ot
967 3175 1103 3237 vestros
1121 3186 1259 3261 semper
1279 3164 1464 3238 babuimus
1484 3175 1520 3236 et
1537 3165 1645 3238 habe·

238 3308 314 3358 mus
329 3287 483 3378 illesam,
505 3287 653 3360 lobanni
676 3287 721 3360 de
736 3287 850 3360 Trecis
875 3286 940 3387 (a),
965 3289 1095 3361 nuncio
1110 3290 1153 3361 A.
1179 3287 1314 3362 comitis
1330 3285 1579 3388 [Pictaviensis]
1592 3285 1643 3388 (b)

236 3409 430 3483 charissimi
446 3411 560 3483 fratris
576 3411 706 3501 vestri,
730 3411 824 3483 mille
846 3433 983 3484 saumas
1010 3412 1055 3485 de
1074 3412 1281 3485 victualibus
1305 3413 1400 3485 curie
1417 3423 1535 3486 nostre
1559 3422 1595 3486 et
1618 3415 1645 3486 L

236 3533 431 3608 dextrarios
452 3536 596 3608 fecimus
620 3535 809 3608 liberaliter
825 3536 1010 3629 assignari,
1028 3537 1123 3610 dicto
1141 3537 1257 3609 comiti
1278 3559 1342 3632 pro
1361 3537 1476 3630 viagio
1503 3559 1567 3610 suo
1589 3536 1643 3636 (l)

237 3679 284 3730 ex
301 3669 400 3754 parte
425 3669 541 3732 nostre
566 3659 781 3732 celsitudinis
805 3660 1072 3755 presentandos;
1096 3681 1260 3733 concessa
1280 3660 1346 3732 sibi
1375 3661 1643 3734 nibilominusa

235 3784 417 3876 majestate
444 3793 561 3857 nostra
587 3783 725 3855 licentia
758 3783 853 3876 quod
873 3783 918 3855 ad
937 3804 1025 3880 opus
1048 3782 1205 3876 ejusdem
1228 3783 1363 3856 comitis
1385 3763 1579 3859 necessaria
1606 3785 1643 3857 in

278 4011 320 4095 (a)
340 4013 377 4074 ln
390 4015 531 4092 lmpresso
543 4010 578 4072 dt
591 4013 674 4088 Loco,
691 4014 783 4090 male,
797 4016 830 4073 ln
843 4013 910 4076 cod.
926 4011 1076 4074 Guelferb.
1090 4011 1126 4074 ds
1141 4011 1258 4091 (iream
1268 4015 1300 4075 ln
1314 4014 1381 4075 cod.
1396 4013 1589 4076 Mediomont.
1605 4014 1641 4077 de

239 4119 345 4180 Traeis.
361 4119 427 4180 Vld.
443 4135 543 4197 snpra,
558 4137 588 4195 p.
606 4127 676 4192 tto,
692 4125 753 4179 not.
771 4127 799 4180 1.
1302 4143 1305 4150 ·

276 4235 317 4319 (l)
338 4238 376 4298 ln
390 4239 532 4314 impresso
548 4233 709 4310 Tltoloraal,
724 4237 832 4298 menda
844 4238 980 4312 saldens3
995 4253 1102 4298 nomen
1121 4239 1153 4297 ln
1166 4242 1288 4300 mamrls
1299 4239 1450 4304 codicibus
1462 4241 1553 4302 deest.

269 4587 307 4658 (t)
325 4585 448 4642 Allonsus
465 4599 555 4642 comes
571 4583 746 4642 Pictaviensis
764 4584 836 4659 apud
848 4583 940 4657 squas
957 4585 1077 4642 llortuas
1090 4599 1188 4641 navem
1203 4584 1372 4643 ascenditis
1395 4587 1499 4660 augusti
1518 4591 1589 4649 titt
1611 4597 1641 4649 et

233 4683 380 4740 [laniemur
391 4680 519 4738 advectus
533 4687 575 4738 est
585 4681 627 4738 die
639 4681 772 4739 dominica
783 4688 846 4739 ante
858 4680 956 4739 lestum
970 4681 1019 4738 SS.
1034 4679 1149 4739 Simonis
1161 4688 1190 4739 et
1199 4683 1286 4740 ludeo
1301 4683 1343 4756 (tt
1358 4683 1494 4758 octobris).

310 4781 363 4843 Vl·
384 4804 473 4850 rma.
1441 4791 1478 4846 95
