4300 5916
488 525 550 589 8⁵8
1006 529 1190 594 corruant
1214 529 1368 607 Qttdffl
1699 529 1784 608 [Aa.
1803 528 1887 591 retr.

489 662 613 734 fratres
628 661 779 734 Minores
791 674 934 758 propter
945 663 1117 738 Christum
1130 687 1321 762 pauperem
1333 663 1565 738 voluntariam
1572 663 1740 756 elegerint
1749 685 1892 760 pauper·

490 795 617 874 tatem,
635 805 701 857 nos
712 785 759 857 ad
772 805 894 858 eorum
908 787 1062 884 inopiam
1076 799 1148 861 tam
1163 790 1199 860 in
1215 787 1360 862 edificiis
1375 811 1481 882 quarn
1494 787 1531 859 in
1545 787 1622 858 aliis
1636 807 1757 859 eornm
1774 786 1892 858 nsrbm

490 907 693 980 necessariis
711 907 983 1000 sublevandam,
1005 911 1052 983 ad
1074 933 1137 983 sne
1157 912 1340 1007 peticionis
1360 911 1558 982 instantiam
1577 919 1612 981 et
1630 919 1786 980 restrum
1808 929 1891 981 con·

490 1051 649 1122 sensum,
673 1031 870 1104 Cunradum
883 1033 929 1106 de
942 1033 1073 1124 Bothe,
1092 1035 1204 1108 civem
1219 1035 1255 1105 iu
1270 1035 1421 1106 Nuereni
1432 1055 1507 1124 erc,
1522 1034 1635 1104 tirum
1648 1033 1769 1126 utique
1784 1033 1892 1104 [teum

490 1175 553 1249 pre
568 1155 678 1227 oculis
691 1154 876 1227 habentem
894 1166 930 1227 et
943 1156 1148 1248 honesturn,
1167 1158 1330 1252 predictis
1346 1159 1510 1230 fratribus
1524 1156 1561 1228 iu
1573 1154 1816 1228 Nuerenberch
1832 1155 1892 1228 de-

490 1279 653 1370 gentibus
672 1288 931 1374 procuratorem
948 1280 1129 1352 adomnia
1142 1303 1264 1354 eorum
1277 1281 1421 1374 negocia
1431 1281 1537 1374 juxta
1550 1279 1648 1374 quod
1659 1279 1846 1352 noeessitas
1860 1289 1895 1351 et

490 1403 621 1474 utilitas
651 1403 807 1496 exegerit
833 1404 1087 1498 promovenda,
1111 1405 1157 1477 de
1172 1406 1390 1501 plenitudine
1411 1405 1519 1478 nostri
1550 1405 1705 1494 consilii,
1734 1404 1895 1476 videlicet

491 1525 669 1600 Godeiridi
684 1527 729 1599 de
750 1529 929 1620 amureg,
949 1528 1119 1600 Crattonis
1138 1528 1184 1600 de
1201 1528 1406 1624 Boxperch,
1422 1527 1570 1602 Conradi
1583 1527 1628 1599 de
1646 1526 1847 1598 Smidelveit
1860 1535 1896 1598 et

492 1649 640 1722 aliorum
671 1663 868 1723 nostrorum
894 1651 1129 1742 familiarium,
1160 1652 1327 1724 duximus
1358 1651 1599 1740 statuendum,
1623 1651 1671 1723 ita
1694 1651 1790 1746 quod
1804 1651 1895 1723 idem

492 1771 700 1874 quuradus]
717 1797 822 1870 quem
837 1787 981 1871 propter
1000 1777 1146 1848 fratmm
1160 1777 1300 1869 negotia
1313 1797 1394 1848 snas
1407 1785 1545 1872 oportet
1557 1776 1757 1869 frequenter
1768 1775 1893 1846 utitita-

494 1907 546 1970 tes
561 1899 762 1990 obmittere,
778 1898 825 1970 ab
842 1899 937 1971 omui
950 1899 1134 1972 exactione
1147 1909 1183 1972 et
1196 1900 1353 1995 precaria
1370 1899 1458 1972 liber
1468 1900 1513 1972 sit
1525 1899 1663 1994 penitus
1676 1909 1712 1970 et
1721 1897 1890 1970 immunis.

493 2024 606 2110 Quam
625 2021 842 2094 exactionem
862 2023 934 2094 sive
948 2023 1140 2118 precariam
1153 2023 1219 2119 ipsi
1233 2044 1298 2118 pro
1313 2020 1428 2094 anime
1441 2031 1558 2094 nostre
1570 2020 1723 2093 remedio
1735 2019 1896 2092 duximus

495 2145 758 2236 nemineum,
784 2155 824 2216 ut
848 2145 993 2218 fratrum
1015 2146 1163 2239 negotiis
1179 2154 1283 2218 vacet
1304 2145 1506 2238 ditigentm
1529 2155 1566 2218 et
1590 2145 1768 2232 intendat,
1801 2145 1896 2216 salso

496 2281 613 2342 tamen
633 2289 676 2340 eo
699 2268 796 2362 quod
814 2290 878 2364 per
901 2270 1097 2342 libertatem
1119 2269 1320 2363 hujusmodi
1337 2269 1453 2342 eidem
1465 2267 1503 2342 G.
1517 2268 1663 2340 audacia
1675 2267 1897 2362 delinquendi

495 2414 567 2465 nou
587 2401 772 2488 prestetur,
796 2415 876 2465 cum
896 2401 1038 2488 peccata
1057 2403 1246 2466 nocentum
1261 2413 1338 2464 esse
1353 2413 1425 2464 non
1439 2392 1591 2465 debcant
1605 2393 1787 2488 impunita.
1808 2391 1897 2462 Nulli

496 2537 580 2608 ergo
592 2515 733 2587 omniuo
749 2514 928 2587 hominum
944 2515 1047 2589 liceat
1061 2516 1151 2587 hauc
1167 2515 1329 2612 pagiuam
1346 2525 1465 2588 nostre
1481 2515 1711 2588 macedonis
1729 2537 1791 2588 seu
1806 2515 1897 2588 ordi·

497 2640 647 2714 nationis
660 2640 846 2731 intringere
862 2641 917 2712 vet
934 2641 968 2712 ei
982 2661 1071 2712 ausu
1088 2641 1271 2712 temerario
1287 2640 1471 2712 contraire.
1487 2641 1575 2712 Nam
1592 2641 1802 2734 quicumque
1817 2660 1897 2712 oon·

499 2773 552 2836 tra
565 2764 656 2836 hanc
669 2763 922 2835 ordinationem
936 2763 1010 2836 sive
1026 2763 1263 2835 remissionem
1281 2773 1435 2836 nostram
1453 2764 1667 2858 sepedictum
1682 2764 1719 2836 C.
1737 2763 1775 2836 in
1795 2785 1897 2836 exac-

499 2887 593 2960 tione
617 2888 734 2982 atiqua
755 2888 811 2958 vel
832 2887 989 2986 precaria
1018 2908 1080 2959 serr
1104 2887 1172 2960 alia
1198 2908 1418 2980 quacumque
1436 2888 1639 2979 vexatione,
1670 2887 1838 2980 quamdiu
1861 2887 1898 2958 in

499 3010 639 3082 servitio
650 3010 795 3080 fratrum
802 3009 976 3100 existerit,
988 3011 1171 3082 molestare
1180 3012 1445 3106 presumpserit,
1462 3011 1734 3103 indignationem
1748 3021 1898 3083 nostram

499 3153 537 3206 so
550 3131 676 3206 sentiet
687 3132 840 3226 graviter
852 3132 1049 3205 iucurrisse.

548 3257 673 3328 Datum
686 3255 1052 3350 apudNuereubcrch,
1065 3256 1573 3348 submurmurantium,
1584 3259 1651 3332 XX
1659 3257 1897 3348 diefebruarii,

500 3379 606 3453 tercio
621 3378 831 3452 indictionis.

556 3871 772 3976 Gouradus,
792 3875 832 3951 in
851 3869 1111 3952 Romanorum
1132 3865 1440 3977 regemelectus,
1462 3891 1502 3948 se
1527 3863 1701 3947 Conrado
1723 3859 1900 3972 Sylrestri

500 4005 631 4089 comiti
648 4027 717 4113 pro
734 4001 851 4113 gratis
868 4001 952 4111 ejus
970 3999 1131 4082 servitiis
1150 3998 1335 4083 CGGCLX
1353 4021 1501 4079 marcas
1524 3995 1662 4079 debere
1686 3993 1899 4097 confitetur,

502 4139 552 4222 ad
581 4161 746 4248 quarum
768 4134 997 4218 solutionem
1017 4131 1150 4216 villam
1176 4131 1225 4216 de
1249 4129 1490 4216 Weilerbach
1512 4128 1635 4211 eidem
1662 4126 1899 4236 oppignorat.

584 4325 750 4404 (Memorat.
761 4329 875 4384 etextr.
886 4337 936 4400 ap.
946 4323 1085 4396 Knuuum
1098 4318 1197 4384 dact.
1207 4317 1255 4380 dea
1266 4315 1418 4382 adid-arrd
1431 4314 1679 4398 Rdcinoruflr'cberr
1689 4315 1852 4392 flauum.
1861 4308 1903 4388 t.)

553 4487 679 4559 natum
704 4484 800 4580 apud
821 4483 1044 4573 Nurimberc,
1065 4503 1158 4555 anuo
1177 4481 1315 4554 Domini
1342 4479 1595 4586 M.CC.XLIV,
1616 4477 1696 4549 XXI
1724 4471 1903 4562 februarii,

505 4610 692 4684 indictione
709 4607 821 4682 tertia.
