4306 5914
235 628 402 706 luunt]
682 619 879 686 HISTORIA
903 616 1201 680 diplomatica
1533 671 1536 676 .
1588 621 1648 684 715

235 762 393 836 nitanam
413 758 604 832 marchiam
619 767 656 830 et
671 755 837 830 ducatum
851 755 1078 852 spoletanum
1101 753 1315 844 constitutis,
1337 762 1404 826 etc.
1426 755 1649 830 incumbente

235 886 338 960 nobis
353 882 577 958 multitudine
592 881 812 975 negotiorum
828 881 1011 952 innumera
1025 877 1275 973 profundarum
1291 877 1454 950 nimirum
1470 880 1649 972 cogitatio·

235 1032 322 1083 num
343 1009 511 1082 varietate
531 1004 773 1095 distrahimur,
796 1014 833 1076 et
851 1025 922 1097 quo
939 1002 1049 1096 magis
1067 1024 1131 1075 nos
1151 1002 1312 1075 omnibns
1334 1001 1532 1098 impositum
1550 1005 1650 1078 nobis

235 1134 450 1230 apostolatus
476 1131 629 1204 officium
653 1128 830 1202 constitnit
851 1127 1045 1217 debitores,
1071 1147 1113 1198 eo
1136 1126 1301 1198 attentius
1322 1125 1415 1198 circa
1437 1130 1650 1220 emergentia

235 1255 392 1350 undique
406 1255 543 1347 agenda
558 1273 623 1326 nos
636 1253 800 1326 convenit
814 1251 973 1344 vigilare.
987 1248 1086 1322 Unde
1102 1249 1184 1345 quia
1197 1259 1352 1323 nostram
1369 1251 1470 1324 simul
1487 1253 1522 1324 in
1537 1253 1650 1326 diver-

235 1381 282 1454 sis
295 1379 381 1453 locis
394 1377 614 1472 nequivimus
632 1376 841 1474 presentiam
859 1373 1041 1465 exhibere,
1058 1373 1104 1446 ad
1122 1375 1181 1447 illa
1199 1374 1235 1444 in
1253 1375 1380 1468 quibus
1398 1397 1469 1448 non
1493 1398 1649 1451 assumus

235 1504 477 1600 personaliter,
493 1524 539 1574 ne
562 1500 665 1574 ineis
687 1499 867 1593 vigilantia
887 1507 1005 1571 nostra
1025 1497 1136 1590 desit,
1156 1520 1323 1593 personas
1343 1500 1487 1572 idoneas
1504 1512 1649 1597 pensata

235 1630 384 1705 discrete
400 1627 566 1723 qualitate
581 1626 798 1721 agendorum
808 1624 1034 1714 destinamus,
1050 1645 1114 1720 per
1128 1645 1187 1696 eas
1200 1624 1330 1697 ibidem
1342 1625 1530 1720 apostolice
1543 1628 1649 1701 servi·

235 1754 318 1826 tntis
333 1752 487 1826 debitum
500 1752 716 1823 exolventes.
728 1749 857 1822 Verum
869 1749 951 1844 quia
963 1748 1000 1821 in
1010 1749 1235 1842 negociorum
1256 1749 1462 1822 executione
1477 1753 1647 1846 majorum

234 1877 431 1950 sollicitudo
444 1875 556 1968 major
567 1872 731 1966 exigitur,
750 1896 811 1970 pro
822 1872 1041 1946 arduioribns
1052 1895 1132 1945 curn
1146 1873 1247 1946 nobis
1263 1873 1468 1947 incumbunt
1481 1897 1648 1971 personas

234 2001 396 2093 eligimus
410 1999 583 2095 potiores,
600 1998 736 2091 aliquos
748 1996 796 2070 ad
809 2017 851 2070 ea
870 1997 1024 2091 gerenda
1046 1996 1091 2070 de
1106 2007 1225 2070 nostro
1241 1998 1348 2072 latere
1366 2000 1642 2074 transmittendo.

234 2126 324 2198 Sane
343 2124 435 2196 inter
452 2123 520 2195 alia
540 2120 783 2194 desiderabilia
807 2120 920 2195 cordis
939 2120 1048 2193 nostri
1072 2122 1245 2193 salubrem
1269 2131 1305 2193 et
1326 2144 1529 2219 prosperum
1545 2128 1646 2220 regni

233 2248 347 2322 Sicilie
358 2257 487 2320 statum
496 2245 691 2341 specialiter
700 2245 913 2336 affectantes,
926 2253 1060 2317 attento
1071 2245 1355 2326 animoetmente
1363 2246 1459 2340 vigili
1467 2249 1643 2323 affectavi-

232 2393 311 2444 mus
328 2371 498 2444 hactenus
514 2379 554 2443 ut
570 2369 615 2443 de
631 2369 831 2464 multiplicis
850 2368 1080 2441 tribulationis
1101 2369 1268 2461 angustiis
1287 2370 1414 2464 quibus
1432 2371 1645 2448 incessanter

231 2495 410 2588 affligitur,
429 2493 476 2566 ad
491 2493 608 2590 optate
621 2502 740 2590 posset
753 2493 990 2589 prosperitatis
1006 2493 1128 2566 solatia
1144 2493 1262 2566 divina
1279 2496 1419 2570 lavante
1443 2497 1570 2571 virtute
1585 2519 1643 2572 re-

232 2618 328 2710 duci,
346 2629 381 2693 et
396 2618 584 2692 dolendam
600 2618 755 2712 ejusdem
772 2618 870 2712 regni
888 2619 1024 2690 ruinam
1036 2639 1108 2691 una
1127 2639 1207 2690 cum
1223 2619 1293 2692 suis
1307 2619 1558 2694 habitatoribus
1580 2623 1643 2695 im·

231 2742 319 2840 perii
332 2741 504 2816 Frederici
516 2741 651 2814 feritate
661 2741 833 2836 depressis
846 2743 920 2814 sine
933 2741 1186 2815 intermissione
1198 2742 1380 2834 deflentes,
1394 2745 1556 2819 continue
1568 2746 1643 2818 dili·

173 2909 176 2918 ·
230 2866 350 2960 gentle
365 2864 520 2938 studium
534 2863 762 2956 adhibemus,
778 2885 881 2960 opem
902 2874 937 2936 et
950 2887 1092 2961 operam
1106 2865 1342 2939 indesinenter
1358 2889 1446 2961 quas
1459 2892 1641 2966 possumus

218 2989 467 3086 impendendo
487 2998 527 3061 ut
547 2998 617 3061 tam
629 2989 818 3061 miserabili
831 3010 914 3062 casu
932 3011 1112 3083 resurgere
1127 2989 1304 3085 ipsiusque
1317 2991 1430 3065 incole
1445 2996 1641 3089 pregravati

231 3112 307 3188 dire
324 3133 430 3187 onere
451 3113 626 3187 servitutis
644 3113 761 3188 votive
776 3113 945 3186 libertatis
961 3112 1129 3186 solamine
1146 3115 1287 3188 valeant
1299 3116 1459 3191 relevari.
1475 3118 1519 3191 Ut
1536 3119 1641 3213 igitur

229 3239 370 3314 terrens
385 3249 503 3311 noster
516 3238 658 3312 affectus
673 3237 765 3311 circa
780 3238 904 3334 prelati
918 3238 1159 3312 liberationem
1174 3239 1271 3333 regni
1288 3239 1431 3336 perduci
1443 3244 1550 3338 possit
1562 3244 1639 3318 leli·

231 3362 373 3438 citerac
387 3362 488 3435 lacile
501 3361 547 3435 ad
558 3363 732 3454 ellectum,
749 3360 914 3434 dilectum
928 3359 1038 3434 lilium
1050 3371 1207 3435 nostrum
1219 3364 1360 3435 Petrum
1373 3365 1488 3439 Sancti
1501 3365 1640 3462 Georgii

230 3486 277 3560 ad
287 3486 413 3560 Velum
424 3486 578 3562 Aureum
592 3485 776 3560 diaconum
790 3485 1015 3578 cardinalem,
1031 3486 1146 3559 virum
1161 3487 1281 3581 utique
1293 3487 1436 3560 scientia
1450 3490 1639 3584 preditum,

231 3632 368 3684 morum
393 3610 576 3684 honestate
599 3611 779 3703 decorum,
807 3613 844 3682 in
870 3612 1022 3685 consiliis
1043 3611 1330 3707 circumspectum
1357 3613 1444 3685 etin
1466 3615 1585 3688 multis
1607 3626 1642 3689 et

231 3734 350 3809 arduis
363 3735 493 3832 pluries
502 3737 578 3830 jam
590 3737 787 3832 probatum,
800 3736 883 3809 illuc
899 3736 943 3809 de
956 3736 1100 3809 lratrum
1113 3746 1310 3808 nostrorum
1327 3738 1471 3810 consilio
1487 3739 1640 3814 destina·

231 3880 322 3952 mus,
338 3859 441 3957 plene
456 3859 524 3931 sibi
536 3860 717 3954 legationis
732 3859 844 3933 officio
856 3870 897 3932 ut
919 3860 1047 3934 evellat
1059 3867 1095 3932 et
1110 3859 1277 3948 destruat,
1299 3861 1442 3958 dissipet
1458 3875 1494 3936 et
1506 3863 1641 3960 disper·

231 3981 309 4075 dat,
327 3982 465 4057 edificet
483 3993 519 4058 et
541 3986 687 4081 plantet,
712 4005 849 4056 necnon
871 3985 980 4056 libera
999 3985 1161 4056 facultate
1186 3983 1334 4057 faciendi
1351 3986 1467 4060 omnia
1481 3987 1517 4058 in
1534 4010 1641 4082 regno

230 4105 307 4202 ipso
324 4117 396 4180 mm
416 4109 452 4181 in
475 4109 712 4205 spiritualibus
728 4129 833 4202 quam
850 4109 1098 4204 temporalibus
1116 4129 1186 4200 que
1202 4106 1326 4181 honori
1349 4111 1413 4182 Dei
1437 4121 1472 4183 et
1487 4111 1640 4184 Ecclesia

231 4251 272 4304 ac
285 4231 378 4304 bono
388 4234 492 4306 statui
505 4231 661 4326 ejusdem
671 4232 769 4326 regni
781 4231 907 4305 viderit
916 4231 1097 4326 expedire,
1110 4233 1295 4305 concessis.
1305 4234 1464 4307 Ceterum
1477 4236 1642 4328 quoniam

231 4354 277 4427 ad
302 4357 463 4428 festinam
489 4365 527 4429 et
549 4357 670 4430 utilem
696 4356 954 4453 expeditionem
976 4357 1106 4450 negotii
1133 4356 1290 4449 ejusdem
1315 4359 1413 4452 regni
1441 4359 1641 4452 suffragium

231 4479 351 4552 militie
367 4501 409 4554 ac
427 4481 575 4554 aliorum
589 4480 744 4554 fidelium
761 4479 914 4552 marchie
929 4479 1146 4553 Anconitane
1169 4489 1204 4551 et
1227 4480 1373 4554 ducatus
1393 4483 1569 4579 Spoletani
1590 4495 1643 4559 est

232 4606 524 4701 quamplurimum
540 4615 763 4702 oportunum,
779 4605 845 4677 sibi
860 4605 1016 4698 ejusdem
1027 4603 1179 4678 marcbie
1192 4614 1227 4676 et
1240 4604 1387 4680 ducatus
1400 4607 1508 4703 ipsius
1518 4611 1640 4706 plena·

232 4727 317 4800 riam
338 4729 521 4802 rectoriam
541 4749 583 4801 ac
605 4728 747 4824 insuper
766 4730 870 4824 plene
893 4730 929 4801 in
952 4728 1083 4800 eisdem
1105 4727 1286 4820 legationis
1304 4727 1453 4803 officium
1476 4731 1641 4806 duximus
