4300 5916
208 633 393 710 inmte]
652 615 1167 697 ursroutsurrtomtrtca
1552 617 1613 682 aas

208 769 374 846 clericum
390 775 426 838 et
440 761 580 836 fidelem
595 765 752 829 nostrum
766 754 802 825 in
822 752 967 825 ecclesia
983 764 1100 826 vestra
1115 754 1289 850 recipiatis
1303 755 1339 827 in
1358 756 1564 830 canonicum
1579 767 1614 829 et

209 895 245 968 in
258 895 416 981 fratrem,
427 884 651 983 providentes
666 880 699 951 ei
716 877 761 951 de
778 877 956 974 prebende
974 877 1003 949 si
1016 900 1085 972 qua
1102 890 1202 951 vacat
1219 879 1267 952 ad
1281 903 1424 976 presens
1435 882 1492 954 vel
1510 902 1615 975 quam

209 1019 361 1115 primam
382 1031 508 1086 vacare
526 1003 734 1096 contingerit
756 1023 819 1097 pro
839 1011 956 1073 nostre
977 1003 1172 1074 reverentia
1192 1003 1401 1097 majestatis,
1426 1015 1466 1076 ut
1487 1005 1615 1077 exinde

210 1141 395 1240 petitiones
407 1145 541 1210 vestas
555 1129 866 1226 quotienscumque
883 1124 984 1202 uobis
996 1127 1112 1200 oblate
1127 1127 1270 1218 fuerint,
1282 1138 1463 1202 tenmmur
1476 1129 1615 1204 lavora-

211 1267 316 1346 bilius
331 1259 512 1338 emudire.

259 1387 557 1482 momuagene,
572 1378 697 1456 ultimo
712 1374 811 1466 maii,
830 1374 892 1450 XV
904 1371 1107 1448 indictione.

270 1899 485 2004 Conradus,
518 1897 558 1978 in
586 1922 716 2007 regem
742 1895 1001 1980 Romanorum
1027 1895 1188 2004 electus,
1217 1895 1362 1980 ciuibus
1385 1897 1434 1980 de
1462 1894 1622 1981 Colum·
1647 1918 1830 2026 affirm.

216 2032 385 2116 balinet
406 2029 650 2139 babenberg
672 2031 831 2112 mandat
852 2055 902 2112 ne
922 2028 1099 2113 abbatem
1124 2039 1162 2112 et
1189 2039 1416 2114 conventum
1444 2029 1493 2112 ds
1515 2028 1622 2112 Paris

217 2165 258 2246 iu
280 2163 538 2248 exoetionibus
557 2175 623 2246 aot
639 2162 805 2246 collectis
827 2161 1066 2272 aliquatenus
1091 2161 1311 2265 molestent,
1340 2185 1428 2244 eom
1451 2161 1624 2271 quadra-

218 2298 325 2408 ginta
337 2309 505 2380 carmtas
517 2296 688 2404 lapidum
707 2295 757 2378 ad
772 2294 999 2378 muniendas
1012 2293 1180 2379 civitates
1196 2319 1288 2377 suas
1305 2295 1398 2377 dare
1414 2319 1625 2380 eonsuere-

220 2431 298 2513 rint
320 2430 533 2512 annuatim.

301 2617 403 2704 (Edtd.
419 2620 523 2694 lluoo,
538 2617 623 2680 sacr.
637 2615 731 2698 antiq.
749 2633 891 2698 mont„
903 2621 928 2678 t.
943 2615 986 2696 lI,
997 2632 1029 2694 p.
1046 2623 1122 2690 tot,
1137 2632 1176 2675 ex
1188 2613 1351 2678 oouflrmot
1368 2615 1465 2678 carol.
1481 2618 1536 2696 IV,
1550 2635 1623 2680 ann.

342 2722 446 2804 issi.)

268 2886 464 2978 Comedus,
484 2884 557 2958 divi
576 2885 713 2978 auputi
737 2883 955 2978 imperatoris
973 2881 1138 2956 Friderioi
1160 2880 1269 2974 filius,
1290 2883 1353 2954 Dei
1373 2884 1485 2976 potia
1504 2886 1627 2958 Roma-

221 3031 346 3086 norum
361 3011 398 3084 in
413 3032 532 3102 regem
549 3011 678 3082 electus
694 3030 834 3104 semper
851 3017 1018 3101 augtrstus
1034 3017 1070 3080 ot
1086 3006 1189 3080 heres
1205 3008 1302 3101 regni
1323 3008 1625 3102 Hierosolimitani,

223 3133 377 3204 scultetis
398 3143 434 3204 et
448 3133 583 3205 civibus
602 3133 648 3205 de
666 3132 882 3205 Columbaria
904 3141 940 3206 et
957 3131 1001 3204 de
1017 3131 1242 3227 Keisersperg
1261 3131 1421 3206 fidelibus
1439 3133 1510 3206 suis
1529 3155 1629 3208 suam

221 3257 368 3350 gradem
386 3253 449 3354 [et]
468 3277 571 3330 omne
591 3256 735 3329 bonum.
760 3257 845 3328 Cum
867 3255 975 3328 abbas
996 3251 1060 3353 [ot]
1082 3263 1275 3328 conventus
1298 3255 1344 3328 de
1363 3257 1479 3346 Puris,
1504 3258 1628 3332 Cister-

223 3380 349 3456 cieusis
364 3381 509 3471 ordinis,
527 3382 573 3454 ab
589 3379 844 3471 exactionibus,
862 3379 1016 3452 collectis
1031 3379 1126 3450 stab
1144 3399 1188 3454 eo
1201 3378 1297 3471 quod
1308 3381 1430 3471 ungalt
1440 3378 1491 3477 (a)
1506 3382 1629 3474 vulga·

224 3503 309 3580 riter
333 3505 529 3600 appellatur
555 3504 679 3578 merito
702 3504 774 3578 sint
796 3504 987 3595 immunes,
1015 3503 1061 3575 de
1087 3513 1258 3598 potestate
1282 3514 1427 3599 paterna
1452 3515 1489 3578 ot
1512 3514 1630 3580 nostra

224 3627 324 3702 vobis
350 3627 556 3700 mandamus
581 3635 617 3699 et
642 3625 797 3700 districte
823 3625 1033 3720 precipimus
1058 3634 1232 3719 quatenus
1260 3627 1423 3700 abbatem
1447 3641 1485 3711 et
1507 3628 1632 3704 fratres

226 3749 384 3843 ejusdem
408 3750 549 3826 claustri
568 3749 605 3824 iu
628 3748 794 3844 predictis
817 3759 880 3822 aut
901 3749 938 3822 in
960 3749 1036 3821 aliis
1059 3771 1129 3843 que
1153 3761 1273 3824 contra
1293 3751 1487 3824 libertatem
1511 3775 1632 3828 eorum

226 3873 477 3970 dignoscuntur
503 3923 675 3948 .....
703 3871 1510 3962 nullatenosmolestetis,meximeoumiidem
1531 3877 1632 3950 nobis

225 3995 456 4089 quadraginta
480 4008 633 4067 cenatas
654 3995 808 4090 lapidum
833 3995 880 4067 ad
903 3995 1109 4068 muniendas
1135 3995 1293 4070 civitates
1317 4008 1452 4072 nostras
1468 3999 1514 4072 de
1539 3999 1632 4074 bona

226 4120 404 4192 uoluntate
423 4127 459 4190 et
473 4140 569 4190 mera
587 4119 792 4190 liberalitate
805 4119 877 4190 suis
894 4117 1089 4213 sumptibus
1107 4129 1142 4189 et
1162 4119 1325 4214 expensis
1340 4121 1424 4192 dare
1440 4143 1633 4195 consueve-

227 4254 308 4314 runt
323 4242 513 4313 annuatim.

275 4365 403 4438 Datum
420 4365 607 4458 Wiseburg
623 4363 688 4462 (l),
705 4365 786 4437 XXI
798 4364 902 4459 Junii,
917 4364 1106 4437 indictione
1120 4367 1193 4438 xv.

271 4513 310 4594 (α)
332 4515 516 4574 Tbeutoulco
529 4532 664 4575 sermone
675 4512 801 4600 ompeld.

264 4753 300 4828 (tl
318 4753 382 4814 Slne
395 4753 477 4812 dubio
489 4753 577 4828 agitor
587 4754 622 4812 de
637 4753 1004 4830 thumbousesordootac
1017 4751 1046 4811 in
1060 4753 1172 4812 Altada

308 4853 363 4918 Vl.
384 4871 436 4914 rm
448 4873 470 4916 a.
