4300 5916
237 636 339 698 lmtor.
357 634 421 718 15.]
688 632 887 696 HISTORIA
911 629 1209 694 nlrtoltlltlctt.

294 1181 508 1289 Corradus,
526 1181 791 1266 Romanorum
818 1183 858 1263 in
884 1206 1014 1292 regem
1044 1181 1199 1288 electus,
1235 1180 1416 1263 advocato
1434 1188 1473 1262 et
1499 1177 1644 1262 civibus
1696 1186 1833 1295 affl&

240 1313 508 1398 Turieensibus
526 1317 685 1398 mandet
700 1315 804 1424 quod
831 1314 959 1400 nullos
986 1313 1162 1398 denarios
1186 1314 1227 1394 in
1255 1311 1528 1421 praejudicium
1552 1337 1646 1394 mo·
1694 1295 1719 1337 ¹¹
1727 1293 1833 1339 Μ’·

239 1457 350 1530 netae
367 1445 582 1531 abbatissae
595 1447 838 1531 Thuricensis
855 1447 939 1530 dari
959 1447 1195 1557 permittant,
1215 1445 1465 1554 eamdemque
1483 1443 1521 1526 in
1545 1442 1648 1552 juri-

239 1576 313 1660 bus
332 1577 412 1660 suis
431 1590 715 1663 manuteneant.

322 1791 473 1873 (bdltap.
484 1795 643 1871 Nsueunu,
660 1791 728 1858 cod
742 1791 910 1876 Alemone„
922 1801 947 1857 t.
963 1793 1004 1870 11,
1019 1811 1050 1872 p.
1068 1802 1137 1868 114,
1151 1810 1188 1855 ex
1201 1793 1246 1856 Gl.
1261 1791 1422 1856 Dnrstelerl
1437 1791 1511 1854 llas.
1526 1791 1646 1854 lnlllbl.

360 1899 475 1980 Turio.)

289 2087 492 2160 Cuouradus
511 2088 583 2161 divi
603 2088 740 2182 augusti
762 2088 979 2185 imperatoris
997 2087 1160 2161 Friderici
1177 2084 1289 2178 filius,
1308 2086 1369 2158 Dei
1389 2086 1500 2179 gratia
1522 2088 1648 2160 Roma·

241 2231 368 2283 uorum
389 2212 426 2284 in
449 2233 566 2306 regem
587 2215 719 2284 electus
739 2233 877 2306 semper
895 2222 1063 2306 augustus
1084 2222 1121 2283 et
1139 2210 1241 2283 heres
1262 2211 1360 2304 regni
1379 2211 1569 2284 Jerusalem
1585 2209 1648 2306 (o),

241 2333 412 2407 advocato
438 2348 474 2408 et
495 2336 666 2408 universis
685 2336 819 2408 civibus
838 2335 1105 2407 Tburicensibus
1121 2333 1284 2407 fidelibus
1303 2335 1374 2407 suis
1388 2335 1534 2429 gratiam
1551 2355 1651 2407 suam

242 2469 279 2529 et
301 2481 404 2532 omne
425 2461 570 2532 bonum.
591 2460 805 2557 supplicavit
820 2460 1016 2533 eelsitudini
1030 2469 1148 2532 nostre
1167 2459 1294 2531 dilecta
1312 2458 1473 2555 princeps
1488 2467 1524 2531 et
1538 2457 1652 2532 lidelis

240 2595 361 2656 nostra
380 2586 586 2657 venerabilis
601 2585 777 2657 abbatissa
792 2584 1024 2676 Thuriceusis,
1040 2583 1123 2678 quia
1140 2583 1176 2654 iu
1193 2593 1333 2654 moneta
1354 2604 1417 2654 sua
1434 2605 1540 2676 quam
1557 2593 1652 2656 tenet

242 2709 377 2780 anobis
392 2720 427 2780 et
442 2731 463 2780 a
479 2709 630 2781 culmine
645 2708 814 2805 imperiali
830 2709 963 2780 ratione
977 2707 1072 2780 leudi
1088 2715 1125 2780 et
1144 2708 1180 2777 in
1198 2707 1323 2778 ceteris
1335 2707 1473 2800 juribus
1488 2707 1573 2797 auis,
1586 2707 1652 2779 sibi

242 2831 431 2924 derogetur
459 2833 494 2904 i'n
522 2842 658 2905 tautum
682 2833 777 2926 quod
807 2831 843 2903 in
869 2832 995 2904 debitis
1022 2831 1246 2927 pensionibus
1273 2842 1308 2902 et
1330 2831 1503 2903 consuetis
1526 2831 1592 2902 sibi
1617 2841 1653 2904 et

243 2957 390 3028 ecclesie
418 2978 481 3030 sue
508 2958 747 3054 persolvendis
776 2958 951 3030 defectum
981 2956 1234 3028 intolerabilem
1262 2955 1425 3050 patiatur.
1458 2957 1542 3029 Cum
1570 2976 1652 3050 ergo

243 3078 443 3173 hujusmodi
460 3081 594 3175 injuriis
617 3091 652 3153 et
674 3081 933 3175 gravaminibus
952 3081 1094 3153 obviare
1118 3082 1307 3170 debemus,
1327 3079 1532 3152 mandamus
1552 3080 1652 3154 vobis

244 3225 309 3298 per
322 3206 505 3277 obtentum
522 3206 632 3298 gratie
646 3206 777 3279 domini
796 3216 831 3277 et
848 3206 954 3301 petris
970 3206 1079 3278 nostri
1095 3228 1137 3279 ac
1152 3215 1270 3278 nostre
1285 3203 1430 3277 tirmiter
1445 3215 1480 3277 et
1499 3205 1653 3278 districte

246 3329 476 3425 precipientes
493 3340 666 3423 quatenus
687 3331 722 3400 in
739 3341 855 3403 vestro
875 3331 1033 3403 districtu
1051 3331 1165 3402 nullos
1180 3330 1386 3424 permittatis
1402 3330 1563 3402 denarios
1578 3330 1653 3402 dari

244 3455 280 3525 in
301 3453 532 3549 prejudicium
558 3463 594 3525 et
608 3475 795 3546 gravamen
815 3454 906 3526 dicte
927 3453 1040 3526 fidelis
1054 3464 1172 3525 nostre
1187 3475 1230 3525 ac
1246 3467 1384 3526 monete
1401 3475 1481 3544 sue,
1499 3453 1567 3525 uisi
1589 3456 1654 3528 sub

244 3578 379 3650 cambio
397 3578 620 3672 competenti.
639 3580 677 3649 ln
692 3579 816 3650 ceteris
829 3598 968 3672 quoque
982 3578 1120 3671 juribus
1136 3579 1246 3673 ipsam
1262 3577 1472 3650 abbatissam
1490 3587 1524 3650 et
1542 3579 1653 3651 eccle-

245 3701 331 3774 siam
346 3722 443 3774 suam
460 3701 605 3773 teneatis
622 3702 657 3772 in
676 3702 802 3774 debitis
817 3702 937 3773 usibus
954 3713 989 3772 et
999 3700 1290 3790 honorificentiis,
1309 3712 1349 3775 ut
1362 3703 1525 3799 deinceps
1539 3704 1575 3774 in
1588 3703 1653 3776 bac

246 3836 343 3922 parte
358 3827 402 3899 de
417 3826 515 3899 vobis
528 3847 598 3897 non
615 3826 724 3920 possit
742 3826 870 3898 babere
884 3823 1064 3897 materiam
1078 3826 1327 3919 conquerendi.

293 3951 420 4022 Datum
438 3949 532 4045 apud
545 3945 790 4048 Scaph[usen]‚
809 3951 857 4023 lll
871 3949 1039 4037 octobris,
1058 3951 1119 4020 XV
1132 3949 1332 4022 indictione.

1385 4261 1447 4274 ω

303 4534 515 4642 Corradus²
535 4535 794 4620 llomanorum
821 4538 860 4618 in
886 4535 1193 4648 regemelectus,
1215 4536 1407 4620 libertates
1425 4537 1654 4621 monasterio
1681 4563 1860 4662 urugepppn.

291 4737 332 4818 (a)
355 4737 389 4798 In
403 4741 547 4815 lmpreusu
561 4736 677 4812 Tertio,
693 4742 780 4801 male.

327 4843 378 4906 VI.
401 4864 488 4909 rma.
1441 4855 1498 4907 104
