4300 5916
516 585 577 647 852
1038 579 1222 642 colluunt
1245 581 1397 656 ollam
1729 585 1813 666 [An.
1831 585 1918 650 ΜΒ.

516 739 653 813 semper
669 723 830 809 augusto,
846 725 963 787 nostre
981 715 1194 786 excellencie
1212 725 1475 810 presentarunts
1492 716 1619 791 devote
1633 721 1867 815 supplicantes
1880 731 1921 793 ut

517 845 611 916 idam
627 841 844 939 privilegium
859 839 1045 928 innovare,
1066 849 1177 910 ratum
1194 839 1322 912 babere
1337 851 1372 912 et
1387 838 1591 914 confirmare
1612 843 1657 915 de
1672 853 1791 918 nostra
1810 845 1920 938 gratia

518 968 753 1061 dignaremur.
770 964 881 1055 Hujus
896 963 1013 1056 itaque
1034 963 1203 1057 privilegii
1222 973 1321 1035 tenor
1336 985 1400 1058 per
1419 965 1535 1036 omnia
1553 966 1631 1037 talis
1647 977 1747 1040 erat:

566 1091 747 1189 (Sequitur
766 1088 983 1185 privilegium
1006 1088 1171 1160 Friderici
1190 1089 1240 1180 ll,
1264 1087 1384 1161 datum
1407 1089 1502 1184 apud
1520 1092 1659 1183 Aooon,
1678 1112 1799 1165 mense
1820 1091 1920 1188 aprili

520 1217 629 1304 4229,
649 1213 745 1308 quod
762 1234 866 1307 supra
882 1211 1067 1299 edidimus,
1086 1222 1112 1282 t.
1128 1213 1185 1301 lll,
1206 1233 1243 1306 p.
1264 1210 1366 1304 tas.)

567 1339 637 1410 Nos
657 1336 762 1428 igitur
788 1333 922 1406 devotis
942 1333 1250 1428 supplicationibus
1271 1333 1507 1430 predictorum
1527 1335 1672 1408 fratrum
1695 1337 1755 1428 qui
1785 1357 1921 1432 semper

518 1461 588 1535 lide
602 1461 736 1533 sincera
751 1459 890 1530 domino
913 1457 1001 1552 patri
1023 1466 1156 1547 nostro,
1183 1457 1285 1530 nobis
1307 1467 1343 1530 et
1362 1457 1507 1552 imperio
1530 1458 1749 1532 laudabiliter
1772 1459 1918 1532 adhese-

520 1597 602 1659 runt
620 1595 655 1656 et
678 1586 725 1656 ad
745 1583 991 1654 exaltationem
1014 1582 1120 1654 nostri
1141 1581 1291 1653 nominis
1315 1592 1351 1654 ot
1370 1581 1509 1654 honoris
1526 1584 1726 1676 frequenter
1748 1585 1917 1680 aspirant,

520 1709 755 1783 favorabiliter
780 1715 991 1795 annuentes,
1014 1715 1242 1776 memoratum
1265 1705 1482 1800 privilegium
1506 1705 1550 1778 de
1575 1707 1683 1779 verbo
1706 1707 1919 1780 adverbum

521 1834 763 1928 transcriptum
783 1831 935 1927 presenti
952 1829 1133 1925 privilegio
1151 1839 1269 1902 nostro
1289 1830 1393 1902 inseri
1407 1831 1585 1923 jussimus.
1606 1831 1773 1904 Universa
1793 1843 1829 1904 et
1850 1833 1919 1904 sin·

520 1959 602 2053 gula
624 1977 693 2051 que
708 1954 929 2027 continentur
949 1953 984 2024 in
1006 1954 1081 2048 ipso
1099 1953 1323 2044 innovamus,
1340 1951 1568 2044 ratificamus,
1587 1964 1622 2025 et
1641 1976 1705 2050 pro
1725 1957 1836 2028 salute
1858 1976 1919 2051 pa-

521 2093 618 2155 terna
642 2092 677 2154 et
699 2078 851 2151 remedio
875 2086 1094 2173 peccatorum
1125 2077 1298 2149 carissime
1324 2078 1442 2150 matris
1464 2089 1582 2150 nostre
1609 2079 1701 2150 clare
1731 2079 1917 2170 memorie,

521 2205 709 2276 liberaliter
739 2201 1002 2290 confirmamus3
1032 2210 1222 2272 statuentes
1246 2223 1291 2274 ne
1316 2201 1394 2295 quis
1418 2187 1539 2273 contra
1566 2199 1723 2294 ejusdem
1753 2203 1921 2298 privilegii

522 2338 677 2401 tenorem
699 2326 918 2418 aliquatenus
934 2325 1055 2396 venire
1073 2333 1261 2418 presumat.
1284 2325 1328 2396 Ut
1349 2335 1467 2396 autem
1489 2323 1593 2416 bujus
1614 2323 1695 2396 iacti
1718 2327 1825 2397 nostri
1849 2325 1920 2398 evi·

522 2451 644 2525 dencia
671 2462 876 2545 perpetuum
904 2450 1011 2520 robur
1034 2448 1189 2519 obtineat
1212 2445 1401 2540 firmitatis,
1429 2469 1572 2543 presens
1600 2449 1765 2544 scriptum
1789 2447 1863 2521 fieri
1887 2459 1922 2522 ct

522 2575 634 2668 sigillo
647 2573 755 2645 nostri
772 2573 931 2646 culminis
942 2571 1108 2665 jussimus
1124 2571 1291 2644 roborari.

500 2771 504 2778 ,
570 2699 680 2791 Hujus
708 2698 825 2789 itaque
854 2697 905 2767 rei
930 2705 1035 2767 testes
1062 2704 1144 2767 sunt
1168 2725 1178 2767 ι
1202 2695 1370 2766 llenrious
1397 2695 1605 2768 venerabilis
1627 2695 1922 2788 Babenbergonsis

523 2823 676 2911 electus,
717 2821 880 2912 magister
911 2820 1089 2915 Philippus
1119 2820 1338 2892 decretorum
1367 2819 1503 2907 doctor,
1531 2817 1775 2891 llindesmulus
1808 2829 1923 2892 custos

522 2947 835 3039 Babenbergensis,
856 2946 1047 3018 lodovicus
1065 2967 1181 3017 comes
1199 2945 1245 3016 de
1264 2945 1455 3038 Othingen,
1482 2944 1676 3017 Fridericus
1698 2945 1743 3016 de
1763 2945 1921 3018 Druben·

523 3073 670 3164 dingen,
707 3068 913 3143 Godefridus
946 3079 982 3140 et
1013 3068 1190 3141 Conradus
1222 3071 1346 3140 iratres
1383 3067 1428 3140 de
1462 3067 1637 3159 llobenlo,
1666 3069 1844 3142 Conradus
1878 3069 1922 3142 de

524 3197 729 3284 Smidevelt,
763 3194 897 3267 Ulricus
929 3192 974 3265 de
1010 3193 1262 3286 Kunegestein,
1288 3191 1495 3266 Godeiridus
1516 3191 1561 3264 de
1590 3191 1771 3280 Solzburc,
1804 3192 1922 3265 etalii

524 3322 763 3417 quamplures.
1191 3341 1195 3354 ·

574 3444 698 3516 Actum
722 3463 815 3515 anuo
841 3441 978 3514 Domini
1004 3441 1051 3512 M.
1064 3440 1256 3530 centul,
1282 3460 1401 3511 mense
1422 3438 1632 3530 decembris,
1658 3439 1845 3514 indictione
1867 3463 1921 3513 se·

525 3569 653 3640 cunda.

574 3694 700 3764 Datum
714 3690 808 3784 apud
822 3689 1050 3778 Noremberc,
1068 3709 1174 3780 anno,
1193 3709 1311 3760 mense
1331 3697 1365 3759 et
1379 3685 1566 3760 indictione
1582 3687 1793 3782 prescriptis.

581 4132 798 4238 Conradus,
830 4131 869 4212 in
893 4131 1151 4214 Romanorum
1175 4153 1312 4236 regem
1343 4126 1506 4231 electus,
1538 4124 1737 4208 coufirmat
1767 4127 1925 4210 domum

525 4292 644 4377 quam
672 4265 814 4347 babent
841 4261 1060 4345 Tbeutonici
1093 4262 1193 4370 apud
1231 4258 1434 4343 Ierusalem
1466 4283 1564 4368 quae
1596 4257 1719 4340 fuerat
1750 4257 1925 4342 Balduini

525 4397 627 4506 regis
645 4395 945 4502 ierosolimitani,
962 4403 999 4476 et
1011 4394 1060 4476 Vl
1074 4402 1288 4476 carrucatas
1311 4404 1433 4474 terme
1456 4401 1494 4473 et
1516 4391 1673 4474 domum
1694 4389 1810 4472 aliam
1828 4415 1926 4500 quse

526 4529 649 4612 fuerat
677 4529 987 4634 Teutonioorum3
1019 4553 1117 4637 quae
1147 4525 1278 4608 omnia
1305 4535 1411 4634 pater
1439 4550 1532 4607 suus
1560 4525 1766 4632 imperator
1792 4524 1925 4610 Fride·

526 4661 627 4744 ricus
648 4661 687 4741 in
706 4660 914 4743 elemosina
930 4660 1073 4743 eisdem
1091 4657 1208 4741 dedit.
