4306 5914
546 647 609 712 630
1044 651 1258 720 fatuitate!
1282 655 1456 718 SECUNDI
1765 653 1846 732 [An.
1864 655 1952 722 12⁴&

546 805 664 856 marus
685 785 809 858 iratres
833 783 879 858 de
902 785 1190 881 Schoncnberch,
1213 791 1376 889 Ditrycus
1399 790 1444 863 dc
1467 787 1728 878 VoIchinsdori,
1751 789 1883 884 syboto
1910 791 1953 868 dc

545 908 659 1000 Hage,
688 909 868 982 Liutoldus
889 910 934 984 de
956 911 1146 1003 Pourawe,
1163 916 1344 1011 DyetrIcus
1360 913 1506 988 thase
1521 911 1616 1010 (ric),
1641 913 1882 988 Wernhardus
1908 915 1952 990 dc

545 1031 648 1123 Inna,
671 1033 851 1106 Heiuricus
879 1034 924 1108 de
946 1037 1090 1126 Wasen,
1113 1038 1334 1112 Itieinhardus
1360 1039 1405 1111 dc
1430 1039 1571 1133 Gustay,
1594 1035 1768 1128 Duringus
1790 1037 1953 1128 magister

544 1165 762 1248 venatorum,
776 1157 951 1251 Duringus
964 1159 1110 1252 Schekc,
1123 1159 1352 1256 IIarquardus
1364 1161 1580 1250 Preuhavon,
1593 1159 1767 1234 Itnbortus
1777 1159 1822 1234 dc
1833 1158 1951 1236 Anaso

543 1279 648 1354 etalii
661 1281 771 1354 multo
787 1281 916 1375 plures.
929 1283 1057 1354 Datum
1068 1294 1149 1358 anta
1164 1295 1314 1362 castrum
1327 1284 1564 1381 Sitzcnpcrgc,
1576 1283 1667 1358 XIIII
1679 1283 1844 1358 kalendas
1860 1294 1951 1360 octo

542 1403 630 1494 bris,
646 1424 739 1476 anno
757 1404 894 1478 Domini
910 1405 957 1478 II.
969 1405 1031 1480 OC.
1042 1408 1181 1482 XXXV.

589 1528 659 1604 Nos
674 1527 779 1621 igitur
793 1528 1011 1604 attendentes
1025 1529 1129 1604 fidem
1144 1553 1268 1629 puram
1282 1541 1318 1606 et
1329 1531 1557 1606 devoci0nem
1571 1529 1741 1604 sinceram
1755 1549 1842 1622 quas
1855 1528 1947 1602 idam

540 1651 650 1726 abbas
670 1661 706 1726 et
721 1652 880 1726 monachi
898 1655 951 1726 sui
971 1664 1175 1746 conventus,
1194 1653 1315 1729 fldeles
1331 1655 1453 1746 nostri,
1470 1655 1517 1728 ad
1533 1653 1777 1728 excellentIam
1792 1663 1946 1726 nostram

538 1787 665 1868 gerunt
678 1775 841 1871 quodque
855 1798 918 1873 pro
933 1779 1043 1850 saluta
1061 1788 1098 1852 et
1115 1779 1350 1851 incolumitate
1365 1787 1483 1850 nostra
1504 1787 1541 1850 et
1563 1797 1627 1872 pro
1647 1775 1776 1848 salubri
1793 1797 1836 1850 ac
1852 1785 1945 1850 tran·

535 1901 645 1995 quillo
653 1909 744 1976 statu
755 1900 889 1996 Imperii
900 1902 1009 1974 nostri
1023 1911 1144 1976 aterno
1155 1903 1229 1995 regi
1241 1901 1436 1998 supplicent
1445 1901 1670 1990 iuccssantcr,
1684 1899 1944 1976 considerantes

538 2045 677 2119 quoque
691 2024 787 2118 quod
802 2024 837 2096 iu
853 2026 992 2120 negotio
1006 2026 1152 2121 predicti
1168 2027 1304 2100 abbatis
1315 2036 1473 2098 nostrum
1489 2025 1618 2120 pariter
1631 2023 1852 2098 commodum
1867 2045 1946 2120 pro·

536 2159 689 2240 curetur,
708 2171 789 2222 cum
799 2148 981 2222 advocatia
995 2150 1176 2246 prescripti
1198 2151 1396 2224 monasterii
1416 2150 1470 2222 sui
1490 2149 1536 2222 sit
1555 2148 1602 2222 ad
1622 2170 1686 2222 nos
1705 2157 1741 2220 ct
1760 2149 1944 2243 imperium

535 2284 615 2369 post
630 2273 753 2370 prefati
773 2273 872 2347 ducis
887 2274 1020 2346 obitum
1033 2275 1140 2348 libere
1151 2275 1329 2365 devoluta,
1347 2275 1418 2348 suis
1434 2273 1742 2371 snppIIcationibus
1759 2273 1944 2366 benignius

535 2397 706 2488 inclinati,
726 2397 920 2492 predictum
936 2398 1102 2493 scriptum
1118 2398 1200 2470 huic
1215 2409 1335 2472 nostro
1354 2397 1535 2494 privilagio
1549 2398 1594 2471 da
1614 2397 1722 2470 verbo
1736 2395 1942 2470 adverbum

534 2521 638 2596 inseri
650 2521 836 2613 J'ussimus,
853 2522 1054 2616 omniaque
1076 2523 1298 2595 continentur
1313 2523 1349 2595 in
1366 2543 1409 2595 oo
1429 2522 1473 2594 de
1490 2521 1677 2616 imperiaIIs
1691 2520 1941 2617 proeminentia

533 2655 652 2718 nostra
670 2645 781 2738 gratia
801 2655 971 2741 perpetuo
993 2644 1251 2720 confirmantes.
1269 2645 1459 2720 statuimus
1474 2645 1578 2740 Igitur
1593 2655 1629 2718 ct
1643 2644 1813 2740 imperiali
1828 2645 1941 2718 sanci·

532 2790 611 2844 mus
638 2769 751 2842 edicto
774 2779 946 2862 quatenus
968 2770 1085 2842 nullus
1109 2768 1407 2866 archIepiscopus,
1429 2768 1631 2865 episcopus,
1654 2768 1746 2857 dux,
1767 2765 1938 2860 marchio,

531 2913 661 2984 comcs,
675 2892 775 2986 haro,
793 2892 1036 2985 ministerialis,
1054 2896 1150 2967 nulla
1168 2894 1319 2988 deanuc
1335 2915 1484 2990 persona
1502 2895 1570 2966 alta
1585 2893 1642 2966 vel
1657 2892 1809 2982 humiIIs,
1827 2891 1939 2964 cccic-

531 3016 668 3090 siastIca
680 3019 738 3090 vol
753 3017 941 3109 mundana,
959 3019 1131 3113 prefatum
1146 3018 1309 3092 abbatom
1330 3027 1366 3090 et
1382 3037 1598 3090 successores
1613 3017 1690 3108 ejus
1705 3015 1741 3087 in
1756 3015 1939 3088 advocatia

531 3139 677 3236 predicti
695 3141 895 3214 monasterii
911 3142 964 3212 sui
981 3163 1085 3236 quam
1103 3141 1149 3214 ad
1163 3163 1286 3214 manus
1305 3151 1441 3214 nostras
1462 3150 1499 3212 ot
1519 3138 1655 3236 Imperii
1671 3149 1840 3234 perpetuo
1855 3137 1937 3210 rati-

530 3285 613 3338 ncre
626 3265 800 3354 volumus,
817 3275 937 3338 contra
950 3267 1120 3361 presentis
1139 3263 1411 3339 confirmationis
1424 3272 1541 3336 nostra
1554 3274 1710 3335 tenorem
1730 3273 1857 3334 tomas
1869 3261 1936 3334 Im·

529 3388 664 3483 pedire,
682 3389 865 3462 molestare
881 3411 944 3462 scu
965 3390 1169 3485 perturbare
1183 3398 1372 3485 presumat.
1394 3388 1496 3474 Qnod
1516 3386 1577 3482 qui
1590 3385 1838 3482 presumpserit
1850 3384 1937 3458 indi·

528 3511 727 3603 gnationem
741 3512 849 3586 nostri
857 3513 1017 3586 culminis
1026 3537 1063 3588 se
1074 3513 1435 3586 novaritincnraurum
1447 3521 1482 3584 et
1490 3511 1525 3582 in
1535 3511 1724 3584 viudictam
1736 3509 1937 3584 temeritatis

527 3655 591 3710 suc
605 3644 746 3708 cantum
759 3636 865 3710 libras
877 3637 954 3711 auri
967 3637 1141 3734 purissimi
1156 3638 1441 3733 compositurum,
1454 3656 1602 3728 quarum
1615 3633 1784 3706 medietas
1797 3653 1935 3706 camme

526 3767 657 3852 nostre,
673 3759 807 3853 reliqna
821 3781 906 3835 vero
923 3761 1032 3857 passIs
1047 3761 1209 3854 iujuriam
1220 3761 1428 3856 applicetur.
1446 3757 1503 3832 Ad
1517 3759 1621 3852 hujus
1629 3757 1734 3850 igitur
1748 3755 1932 3830 confirma·

526 3881 629 3956 tionis
653 3891 769 3956 nostra
792 3884 943 3956 futuram
964 3885 1167 3958 memoriam
1189 3895 1226 3956 ct
1245 3885 1353 3957 robur
1374 3893 1544 3979 perpetuo
1566 3882 1773 3972 valiturum,
1790 3900 1933 3976 presens

523 4004 743 4101 privilegium
758 4006 834 4078 fieri
849 4015 884 4080 ct
897 4009 1086 4102 maiestatis
1099 4018 1217 4080 nostre
1234 4007 1346 4100 sIgiIIo
1359 4006 1524 4099 jussimus
1539 4002 1758 4078 communiri.

571 4129 681 4222 Hujus
694 4129 746 4204 rei
760 4139 864 4204 testes
877 4143 958 4203 sunt
968 4131 1148 4204 Heinricus
1165 4131 1307 4203 illustris
1322 4152 1388 4202 rex
1401 4129 1574 4218 Sardinia,
1591 4127 1768 4222 Philippus
1781 4147 1930 4200 venera·

522 4253 600 4324 hilis
616 4253 791 4325 Pactansis
809 4254 1005 4351 episcopus,
1023 4256 1186 4348 magister
1202 4254 1397 4327 Gualtcrius
1412 4253 1621 4325 venerabilis
1637 4251 1820 4346 capuanus
1836 4251 1930 4324 elec-

523 4385 577 4446 tus
587 4371 656 4471 (a),
666 4375 864 4447 Maniredus
882 4378 1035 4450 marchio
1051 4379 1200 4466 Lancea,
1216 4376 1423 4448 Barthoidus
1438 4374 1592 4447 marchio
1609 4373 1654 4446 de
1669 4371 1927 4463 Hohemburch,

521 4497 692 4570 Berardus
714 4517 830 4569 comes
848 4500 1003 4594 Laureti,
1021 4499 1207 4574 Riccardus
1227 4499 1272 4571 dc
1290 4497 1506 4592 Montenigrc
1522 4496 1687 4590 magister
1697 4494 1925 4587 justiciarius,

562 4667 605 4750 (a)
626 4667 700 4730 Cum
715 4673 745 4732 Id
758 4672 834 4733 Iortc
855 4675 911 4754 Iagt
931 4691 992 4736 non
1010 4680 1137 4754 potuerit
1155 4679 1187 4734 In
1206 4677 1404 4754 autographo,
1421 4673 1510 4736 datur
1525 4671 1710 4733 soimnmcdc
1725 4671 1806 4748 apud
1825 4669 1926 4742 Korn,

520 4777 584 4856 Cap
587 4819 660 4838 ......
663 4783 738 4857 ctttr,
752 4781 831 4856 quod
843 4780 975 4842 iacileax
989 4785 1093 4843 ceteris
1105 4783 1268 4859 suppletur.
1750 4805 1752 4810 ·
