4306 5914
204 648 306 707 lenter.
322 645 369 723 'l.]
655 636 851 699 lttsnottrt
875 632 1168 698 nleuoutntca.
1550 626 1609 689 66¹1

204 778 261 852 Ad
274 779 375 872 eujus
389 775 439 850 rei
454 773 657 848 memoriam
674 783 710 846 et
721 774 881 846 stabilem
896 769 1107 861 firmitatem,
1126 787 1270 864 presens
1281 764 1611 860 scriptumperllao·

206 924 287 974 nem
311 901 357 974 de
378 901 493 996 Capua
517 899 690 972 notarium
716 908 751 971 et
774 897 913 971 fidelem
937 905 1094 970 nostrum
1114 891 1216 965 scribi
1237 899 1274 963 et
1292 889 1405 983 sigillo
1423 889 1612 982 majestatis

207 1035 324 1100 nostre
339 1026 503 1119 jussimus
518 1022 736 1097 communiri.

253 1153 380 1223 Datum
391 1150 556 1223 Vercellis
571 1171 635 1244 per
647 1169 770 1219 manus
787 1145 940 1238 magistri
955 1143 1046 1218 Petri
1059 1142 1104 1216 do
1116 1141 1226 1214 Vinea
1240 1137 1427 1235 imperialis
1442 1136 1521 1210 aule
1534 1157 1614 1232 pro-

206 1275 368 1348 tonotarii
384 1285 420 1347 et
432 1273 531 1366 regni
546 1272 659 1347 Sicilie
674 1270 861 1364 logothete,
873 1290 966 1343 anno
984 1267 1155 1342 dominice
1171 1263 1415 1337 incarnationis
1430 1261 1613 1334 millesimo

204 1399 444 1474 ducentesimo
459 1396 723 1493 quadragesimo
734 1393 785 1493 (o)
802 1405 939 1489 oetam,
957 1415 1077 1466 mense
1098 1389 1315 1481 novembris,
1332 1387 1478 1486 septime
1499 1386 1611 1460 indie·

206 1524 321 1597 donis.

253 1647 468 1723 Collationne
484 1667 550 1744 par
561 1666 665 1740 nous,
682 1654 768 1739 eto,
785 1654 823 1718 ot
835 1665 955 1740 supro.

256 2275 472 2360 Friderious
489 2277 537 2360 de
555 2276 769 2380 Antiochia,
791 2275 1029 2386 imperatoris
1045 2273 1147 2357 filius
1171 2282 1209 2357 et
1229 2273 1269 2355 iu
1290 2272 1426 2358 Tuscia
1451 2273 1612 2360 nonnus

1645 2292 1809 2392 samu

205 2409 411 2522 generalis,
430 2409 595 2494 Mattheo
617 2409 764 2493 notario
780 2409 828 2493 de
849 2411 987 2494 Sancto
1012 2407 1164 2506 Quirioo
1182 2409 1340 2490 mandat
1354 2410 1458 2519 quod
1479 2409 1615 2518 inqui-
1748 2523 1751 2532 Ι

205 2543 384 2626 sitionem
416 2545 611 2654 quondam
643 2543 783 2626 factam
825 2544 874 2626 ad
910 2542 1194 2653 requisitionem
1227 2541 1376 2625 abbatis
1412 2543 1461 2626 de
1489 2544 1614 2628 Monte

205 2677 357 2760 Amiate
381 2702 494 2786 super
515 2677 666 2789 negotio
684 2677 838 2761 mercati
859 2676 980 2787 plebis
1008 2678 1058 2760 de
1089 2676 1244 2785 Amole‚
1269 2676 1436 2785 publicet
1457 2686 1495 2761 et
1513 2703 1612 2788 par-

204 2810 310 2894 tibus
329 2810 510 2921 assignet.

288 3027 414 3106 (luedlt.
430 3044 470 3089 ex
483 3029 591 3107 ortgln.
610 3029 642 3088 ln
656 3027 775 3090 archivo
785 3025 905 3107 diplom.
926 3027 1105 3107 Florentes,
1122 3025 1202 3106 qnod
1215 3025 1367 3090 nobtscum
1383 3029 1615 3093 communicarit

328 3134 365 3197 P.
379 3133 409 3196 l.
422 3133 519 3216 aon.)
638 3139 641 3148 ⁴

251 3323 342 3396 Cum
357 3322 402 3395 de
417 3322 581 3396 mandato
591 3322 721 3426 domini
733 3319 891 3396 Pandulfi
902 3322 947 3395 de
957 3321 1271 3414 Fascianella,olim
1285 3323 1472 3420 imperialis
1482 3324 1613 3420 capita·

203 3448 262 3520 nei
286 3447 436 3520 Thuscie
458 3449 630 3542 generalis
653 3460 689 3523 et
708 3471 801 3522 nunc
822 3449 957 3544 imperii
978 3449 1178 3544 proditoris,
1196 3449 1335 3522 fecerim
1357 3450 1615 3545 inquisitionem

202 3595 315 3669 super
328 3573 421 3646 lacto
435 3573 578 3646 mercati
593 3573 638 3647 de
651 3574 784 3647 Amolis
796 3584 832 3646 et
846 3575 957 3670 ipsam
971 3573 1225 3667 inquisitionem
1240 3574 1395 3668 partibus
1410 3595 1486 3646 eam
1499 3576 1618 3649 volen-

206 3698 302 3770 tibus
334 3719 407 3770 non
437 3697 648 3771 reddiderim
680 3699 909 3794 publicatam,
946 3697 1106 3770 domiuus
1134 3697 1327 3770 Friderious
1360 3699 1404 3770 de
1435 3699 1615 3774 Antiochia

203 3821 340 3893 domini
357 3821 574 3916 imperatoris
590 3821 693 3913 filius,
711 3821 799 3893 sacri
813 3821 947 3917 imperii
960 3820 1147 3894 inThusoia
1158 3821 1499 3915 vicariusgencralis,
1511 3823 1617 3919 scrip·

203 3946 249 4017 sit
265 3945 357 4018 mihi
371 3945 506 4019 Matheo
522 3947 658 4020 notario
672 3947 716 4020 de
729 3950 855 4019 Sancto
871 3945 1010 4031 Quirico
1025 3945 1061 4016 iu
1079 3944 1143 4016 hec
1156 3946 1289 4017 verba:

253 4069 454 4142 Friderious
467 4069 511 4143 de
529 4069 712 4142 Antiochia
729 4071 859 4143 domiui
874 4070 1090 4166 imperatoris
1104 4059 1211 4160 filius,
1225 4070 1312 4142 sacri
1321 4071 1454 4166 imperii
1465 4071 1500 4142 in
1510 4071 1617 4144 Thus·

205 4195 259 4266 cia
273 4194 431 4268 vicarius
448 4193 633 4288 generalis,
651 4193 788 4268 Matheo
804 4195 850 4268 de
868 4197 994 4268 Sancto
1009 4193 1148 4279 Quirico
1164 4195 1300 4267 notario
1319 4195 1448 4268 domini
1465 4196 1615 4292 impera·

207 4319 310 4410 toris,
334 4317 429 4390 lideli
454 4319 566 4392 amico
588 4340 665 4410 suo,
688 4321 835 4391 salutem
852 4329 888 4391 ct
908 4341 1063 4392 amorem
1079 4317 1264 4392 sincerum.
1278 4319 1490 4392 Venerabilis
1509 4321 1617 4394 abbas

208 4441 415 4516 monasterii
436 4441 553 4515 Sancti
578 4444 764 4518 Salvatoris
793 4444 837 4517 de
868 4443 1113 4518 Monteamiato
1128 4442 1238 4516 fidelis
1249 4443 1384 4539 imperii
1412 4443 1619 4537 significavit

208 4567 420 4642 excellentie
434 4576 552 4641 nostre
567 4568 662 4662 quod
679 4581 715 4644 tu
734 4571 817 4643 olim
832 4570 878 4643 de
894 4567 1275 4644 mandatoPandullide
1286 4568 1496 4642 Fascianella
1509 4592 1620 4665 quon·

247 4764 290 4845 (a)
314 4765 354 4828 ln
366 4767 433 4831 cod.
447 4767 692 4851 quinquepertitae,
713 4769 855 4833 vocabulo
868 4775 965 4834 oetaeo
978 4767 1142 4846 deficiente,
1156 4769 1235 4848 qnod
1250 4769 1430 4848 supplemus.
