4318 5904
519 563 583 626 930
1066 562 1381 627 tootutuuuts.

519 699 615 797 ldcm
630 699 789 770 lecerunt
801 698 923 792 Regini
936 697 981 770 de
996 698 1242 772 Parmensibus
1256 721 1345 794 quos
1360 701 1407 773 ob
1421 698 1569 772 similem
1582 721 1722 774 cuumm
1736 701 1927 778 habebant.

519 824 585 895 Pro
603 823 656 894 his
670 844 753 914 ergo
769 822 936 894 militibus
949 822 1043 895 misit
1056 824 1244 920 imperator
1260 833 1296 896 et
1311 824 1502 896 vinculavit
1517 845 1578 898 eos
1596 825 1631 896 in
1647 825 1817 918 Victoria,
1833 836 1932 900 etex

521 946 589 1018 illis
604 945 785 1019 occidebat
797 946 940 1039 quando
953 947 1108 1036 volebat,
1125 957 1162 1018 ct
1177 948 1330 1020 maxime
1341 948 1485 1041 quando
1497 948 1664 1021 insultum
1682 949 1832 1023 faciebat
1844 959 1930 1022 eon·

523 1080 575 1142 tra
590 1069 828 1142 Parmensium
847 1069 1021 1142 civitatem
1038 1071 1154 1142 verbis
1168 1071 1342 1163 injuriosis
1357 1081 1393 1145 et
1406 1093 1547 1167 pugna,
1564 1081 1600 1144 et
1615 1073 1705 1144 male
1719 1072 1868 1146 cedebat
1881 1073 1928 1146 si.

526 1245 736 1267 ......
764 1192 961 1287 Aliquando
980 1194 1083 1266 etiam
1100 1195 1207 1288 aliqui
1228 1195 1353 1268 milites
1373 1195 1419 1268 de
1430 1196 1582 1268 llamhia
1597 1195 1815 1270 Anconitana
1828 1198 1930 1270 dese·

523 1328 668 1390 ruerunt
681 1319 872 1390 exercitum
889 1317 1151 1412 imperatoriset
1161 1318 1328 1412 fugiendo
1342 1318 1487 1412 ingressi
1497 1328 1579 1392 sunt
1589 1320 1761 1409 Parmam,
1775 1320 1932 1394 dicentes

523 1440 619 1536 quod
647 1463 693 1512 er
717 1450 815 1536 parte
835 1440 988 1513 Ecclesia
1011 1463 1086 1514 esse
1107 1442 1291 1532 volebant,
1316 1452 1352 1514 et
1372 1443 1514 1514 luerunt
1534 1442 1681 1516 libenter
1696 1453 1733 1516 et
1753 1453 1933 1535 gratanter

524 1565 673 1660 recepti3
701 1565 858 1636 iecerunt
890 1573 1006 1636 autem
1038 1565 1106 1638 boc
1133 1565 1216 1660 quia
1236 1565 1334 1638 initio
1357 1567 1556 1640 rebellionis
1581 1569 1720 1659 Parme,
1742 1568 1932 1663 imperator

523 1690 672 1762 iaciebat
705 1689 870 1762 custodiri
902 1690 1019 1785 plures
1048 1689 1176 1762 milites
1212 1689 1256 1762 de
1291 1689 1443 1762 llarcbia
1473 1689 1692 1764 Anconitana
1724 1691 1930 1765 incivitate

525 1814 711 1904 Cremone,
728 1811 861 1906 aliquos
875 1812 909 1882 iu
927 1813 1085 1885 custodia
1102 1813 1259 1909 publica,
1275 1814 1410 1907 aliquos
1423 1835 1507 1887 vero
1522 1813 1558 1886 in
1567 1815 1684 1910 aliqua
1692 1814 1797 1890 domo
1807 1815 1930 1903 libem,

527 1936 651 2008 timens
666 1936 825 2008 amittere
839 1935 1048 2027 biarchiam,
1067 1947 1102 2008 et
1118 1937 1184 2008 illis
1198 1938 1259 2031 qui
1275 1947 1375 2010 erant
1390 1937 1465 2009 siue
1479 1938 1627 2012 vinculis
1651 1948 1687 2011 et
1709 1940 1746 2010 in
1774 1939 1932 2012 custodio

525 2060 634 2132 libere
658 2060 881 2132 incumbebat
895 2059 1049 2132 deterius
1073 2061 1223 2154 signum,
1242 2062 1402 2155 quamvis
1425 2085 1496 2136 nou
1516 2073 1784 2156 cognosceretur
1802 2063 1927 2136 abeis.

524 2184 628 2256 Venit
641 2205 725 2277 ergo
740 2185 883 2256 nuntius
902 2205 949 2256 ex
971 2195 1069 2280 parte
1086 2185 1303 2280 imperatoris
1318 2187 1378 2279 qui
1394 2185 1485 2258 dixit
1497 2188 1528 2260 V
1541 2187 1706 2260 militibus
1718 2186 1763 2260 de
1778 2186 1931 2260 llercbia

526 2309 705 2402 quierant
725 2308 891 2380 Cremone
916 2308 951 2378 iu
977 2310 1129 2402 quedam
1150 2309 1254 2382 domo
1272 2320 1307 2382 et
1328 2311 1492 2382 lavabunt
1507 2331 1631 2382 manus
1649 2331 1750 2400 suus,
1774 2310 1931 2382 volentes

526 2453 669 2522 cenare,
691 2441 731 2503 ut
746 2433 973 2504 incontinenti
990 2433 1064 2504 sine
1079 2454 1175 2504 mora
1191 2433 1544 2528 ascenderentequos
1558 2443 1687 2506 etcum
1703 2455 1746 2506 eo
1761 2433 1807 2506 ad
1821 2433 1931 2528 impe·

526 2566 675 2628 ratonem
692 2555 823 2650 pariter
838 2555 939 2626 irent.
957 2555 1112 2649 Cumque
1126 2557 1365 2650 pervenissent
1378 2557 1425 2629 ad
1435 2557 1622 2652 quemdam
1634 2579 1796 2652 eampum
1808 2557 1870 2652 qui
1880 2565 1932 2629 cst

526 2691 626 2753 extra
643 2679 993 2753 civitatemCremone
1003 2689 1038 2751 et
1049 2681 1366 2775 appellaturlllosa,
1378 2680 1551 2754 duxiteos
1565 2682 1612 2753 ad
1626 2682 1740 2754 locum
1754 2681 1932 2776 suspendii

526 2815 561 2878 et
572 2805 731 2901 suspensi
746 2804 903 2894 luerunt,
923 2812 956 2876 et
971 2804 1133 2876 dicebant
1146 2801 1325 2876 camilices
1342 2831 1360 2872 u
1373 2805 1456 2897 quia
1472 2803 1522 2876 sic
1535 2804 1680 2877 mandat
1692 2806 1882 2901 imperator
1893 2815 1934 2876 ut

525 2926 603 3018 liat,
626 2950 690 3024 pro
715 2949 757 3000 eo
780 2927 874 3021 quod
896 2927 1090 3024 proditores
1108 2926 1204 3000 estis.
1228 2954 1246 2994 u
1274 2927 1318 3000 Et
1346 2936 1462 3000 tamen
1484 2936 1655 3000 venerunt
1669 2927 1705 2999 in
1720 2925 1931 3019 adjutorium

526 3053 613 3144 ejus.
642 3051 807 3146 Sequenti
832 3051 888 3125 die
912 3059 1084 3124 venerunt
1104 3050 1227 3124 iratres
1243 3051 1413 3143 minores,
1429 3059 1466 3124 et
1481 3052 1719 3147 deposuerunt
1735 3059 1770 3123 et
1782 3049 1929 3146 sepelie-

527 3183 609 3247 runt
631 3195 709 3267 eos,
732 3186 768 3248 et
787 3175 850 3247 vix
870 3183 1058 3269 potuerunt
1074 3174 1175 3269 lupos
1191 3174 1332 3268 abigere
1345 3197 1390 3248 ne
1406 3175 1630 3248 comederent
1645 3195 1706 3246 eos
1720 3173 1806 3246 dum
1819 3171 1932 3246 adhuc

528 3299 564 3370 in
579 3299 741 3394 patibulis
759 3299 1011 3393 dependerent.
1031 3299 1104 3370 llec
1117 3299 1233 3370 omnia
1249 3299 1340 3388 vidi,
1359 3298 1441 3392 quia
1455 3300 1622 3371 Cremone
1635 3297 1835 3370 habitabam
1851 3306 1932 3368 tunc

530 3423 693 3518 temporis
716 3422 871 3494 similiter
894 3433 928 3495 et
953 3422 989 3493 in
1011 3423 1146 3495 Parma.
1170 3425 1327 3516 Longum
1349 3433 1439 3496 esset
1466 3423 1596 3496 reterre
1612 3422 1657 3496 de
1671 3422 1833 3495 omnibus
1845 3441 1933 3514 quos

529 3555 684 3640 tempore
706 3546 765 3617 illo
786 3567 832 3618 ex
854 3554 952 3641 parte
967 3545 1121 3618 Ecclesie
1135 3544 1308 3618 interiecit
1323 3556 1358 3618 et
1373 3545 1456 3618 lecit
1471 3543 1631 3619 interfici.
1650 3547 1740 3620 Num
1753 3543 1933 3616 dominum

528 3668 719 3742 Gerardum
734 3669 778 3742 de
794 3669 921 3742 Canale
937 3669 981 3742 de
997 3672 1120 3743 Parma
1136 3669 1173 3741 iu
1190 3669 1352 3764 Apuliam
1369 3669 1462 3742 misit
1477 3680 1513 3742 ct
1527 3670 1609 3742 lecit
1623 3667 1780 3760 demergi
1799 3668 1835 3740 in
1852 3687 1933 3763 pru·

528 3794 769 3867 foedissimum
797 3815 892 3866 mare
917 3815 997 3866 cum
1020 3795 1112 3868 mola
1133 3794 1283 3868 asinaria
1307 3794 1354 3867 ad
1377 3794 1505 3872 collum
1528 3795 1604 3886 ejus
1626 3793 1749 3886 ligatu3
1767 3801 1804 3864 et
1820 3801 1935 3864 tarneu

528 3918 640 3989 luerat
665 3916 761 4012 prius
785 3916 1011 3990 amicissimus
1032 3920 1122 4010 ejus,
1153 3929 1189 3990 et
1212 3919 1340 3990 multas
1356 3917 1560 4014 potestarias
1581 3917 1626 3990 ab
1640 3939 1683 3990 eo
1698 3916 1886 4005 habuerat,
1900 3923 1937 3987 et

527 4063 666 4137 semper
685 4063 766 4114 cum
787 4062 829 4116 eo
857 4040 893 4114 in
914 4042 1070 4114 exercitu
1091 4042 1174 4114 loris
1187 4042 1343 4115 Parmam
1359 4041 1498 4116 mansit.
1518 4045 1590 4115 lloc
1605 4043 1718 4114 solum
1732 4039 1935 4135 suspicionis

528 4163 665 4256 signum
679 4164 865 4259 imperator
876 4163 1232 4254 babuitcontraeum,
1249 4164 1331 4258 quia
1349 4166 1452 4236 turris
1466 4167 1542 4258 ejus
1557 4187 1629 4237 non
1645 4163 1891 4238 destruebatur
1901 4163 1939 4234 iu

528 4287 663 4360 Parma.
689 4286 788 4360 Unde
814 4299 850 4359 et
877 4286 1017 4360 dicebat
1034 4287 1066 4360 ei
1086 4288 1289 4384 imperator,
1314 4309 1516 4383 quanquam
1538 4290 1605 4362 sub
1621 4289 1708 4361 salso
1724 4297 1761 4360 ct
1776 4287 1935 4360 simulato

528 4411 613 4483 ludo
628 4411 800 4485 ridendo:
823 4441 841 4480 a
859 4413 1006 4487 Multum
1024 4411 1174 4506 diligunt
1190 4434 1254 4486 nos
1269 4415 1492 4505 Parmenses,
1509 4413 1650 4487 domine
1668 4411 1837 4504 Gerarde,
1855 4410 1939 4504 quia

533 4561 551 4602 r>
569 4555 648 4606 cum
659 4534 728 4608 aliu
744 4534 879 4608 edificia
895 4536 1075 4610 destruant
1093 4536 1241 4608 civitatis
1258 4537 1395 4609 illorum
1412 4537 1473 4630 qui
1489 4559 1536 4608 ex
1549 4547 1648 4632 parto
1661 4533 1797 4632 imperii
1814 4535 1938 4607 extite-

533 4683 550 4724 u
570 4668 669 4750 runt,
680 4678 745 4732 nec
762 4661 882 4733 turrim
896 4670 1046 4734 vestram
1062 4659 1312 4734 destruxemnt
1323 4660 1439 4734 adhuc
1453 4681 1520 4732 uec
1532 4659 1699 4757 palatium
1712 4679 1831 4732 meum
1843 4657 1940 4753 quod
