4318 5904
756 638 1069 704 ΑΒΒΙΤΑΜΕΝΤΑ.
1556 637 1618 700 925

209 778 419 874 imperatore
442 773 577 847 banniti
602 772 651 846 ad
675 773 804 848 dictum
835 776 1029 868 civitatem,
1054 776 1195 851 nemine
1214 784 1468 863 contramuto,
1487 783 1524 846 et
1542 793 1620 846 eam

209 910 382 999 cepemnt
407 909 444 973 et
469 907 674 990 tennerunt3
699 908 736 972 et
757 901 942 974 concilium
957 914 992 980 et
1007 904 1209 976 concionem
1223 900 1621 993 congregaveruntPar-

212 1048 351 1100 mansas
374 1034 410 1098 at
433 1026 617 1117 elegerunt
642 1023 823 1097 dominum
846 1025 1038 1103 Gerardnm
1056 1027 1247 1120 dedorigia
1261 1026 1296 1100 in
1315 1033 1522 1120 potestatem
1538 1023 1622 1096 Par·

214 1150 407 1238 mansium
424 1157 460 1220 et
476 1147 543 1222 boc
561 1148 627 1223 init
641 1146 699 1220 die
723 1147 897 1222 dominica
919 1151 1011 1243 XVI,
1043 1151 1194 1223 intrante
1221 1170 1340 1222 mense
1365 1148 1471 1241 junii;
1504 1157 1540 1220 at
1563 1147 1622 1220 die

214 1275 298 1347 inne
319 1273 524 1370 tempestiva
543 1271 626 1344 dicti
643 1273 846 1344 Parmenses
861 1273 1030 1347 miserunt
1045 1273 1299 1347 ambaxadoras
1312 1270 1487 1345 communi
1501 1270 1620 1365 Regii,

214 1398 394 1474 dominnm
419 1396 636 1469 Armannum
662 1399 803 1469 Scotum
833 1407 869 1470 et
896 1397 1003 1470 alium
1026 1420 1106 1471 cum
1134 1419 1193 1488 eo,
1217 1397 1278 1491 qni
1291 1396 1456 1492 petebant
1468 1395 1624 1490 captivos

199 1505 337 1597 wreinna
351 1523 418 1595 ou
433 1521 583 1615 namqu
597 1521 693 1613 nego
706 1521 994 1600 detinebanturin
1007 1522 1168 1596 vinoun.
1181 1523 1318 1595 numne
1332 1521 1623 1609 dominusuosus,

215 1655 371 1744 potestas
392 1645 566 1738 Reginus,
599 1645 713 1717 noluit
741 1665 802 1722 aes
828 1646 961 1720 andire.
997 1647 1190 1718 Potuerunt
1214 1655 1331 1717 antem
1355 1644 1413 1716 isti
1439 1641 1626 1716 forbanniti

217 1772 377 1844 Parmam
402 1769 550 1842 faciliter
571 1767 737 1841 invadere
760 1778 797 1842 et
819 1791 945 1866 capere
970 1771 1095 1866 triplici
1118 1769 1254 1842 ratione
1278 1793 1288 1836 ε
1312 1767 1423 1864 prima
1451 1766 1533 1860 quia
1561 1787 1628 1839 rex

217 1894 381 1984 Plautius,
403 1892 459 1964 cui
476 1900 576 1988 pater
590 1891 784 1966 custodiam
803 1893 925 1966 Parme
941 1894 1178 1984 commiserat,
1200 1893 1312 1966 iverat
1326 1913 1406 1964 cum
1422 1892 1630 1964 Cremonen·

218 2017 315 2090 sibus
334 2017 380 2089 ad
407 2014 640 2090 obsidendum
667 2016 846 2110 quoddam
869 2027 1023 2095 castrum
1042 2018 1079 2088 in
1103 2018 1303 2112 episcopatu
1323 2014 1513 2106 Brixiensi,
1530 2013 1628 2108 quod

221 2139 645 2226 dicebaturQuinzanum.
666 2138 825 2211 Secunda
847 2141 935 2216 ratio
956 2153 1010 2212 est
1031 2140 1127 2233 quod
1142 2141 1331 2237 imperator
1342 2152 1418 2212 arat
1427 2139 1464 2209 in
1476 2138 1628 2233 quadam

219 2263 360 2336 civitate
388 2261 595 2336 lombardie
617 2285 688 2356 que
708 2264 904 2359 appellatur
925 2266 1130 2357 Taurinum
1157 2265 1230 2337 ibat
1251 2265 1345 2336 enim
1368 2262 1575 2358 Lugdunum
1590 2271 1630 2334 ut

219 2397 361 2482 caperet
384 2385 580 2460 cardinales
600 2394 637 2458 et
656 2407 800 2482 papam;
823 2397 858 2458 at
874 2397 977 2483 prout
989 2387 1129 2480 dicitur,
1143 2388 1268 2482 aliquis
1281 2387 1489 2483 promiserat
1504 2386 1631 2458 Roma·

218 2532 301 2586 nam
317 2510 448 2582 curiam
472 2508 609 2582 tradere
628 2509 664 2586 in
682 2531 806 2582 manus
824 2511 945 2606 ipsius.
964 2511 1078 2588 Tertia
1095 2513 1184 2584 ratio
1202 2521 1255 2584 est
1270 2511 1352 2606 quia
1369 2509 1531 2582 dominns
1546 2509 1632 2582 Bar·
1685 2533 1692 2540 ·

221 2633 340 2712 tholum
352 2633 551 2708 Toveman'i
567 2635 627 2706 iila
639 2634 697 2706 die
714 2633 988 2708 tradebatfitianu
1006 2658 1127 2728 snam,
1143 2635 1319 2709 dominam
1332 2634 1492 2724 Mariam,
1507 2632 1632 2727 nuptui

223 2756 364 2830 cuidam
390 2757 562 2830 Brixiensi
596 2758 657 2851 qni
686 2767 832 2831 venerat
859 2759 1016 2831 Parmam
1042 2783 1105 2855 pro
1128 2781 1188 2852 ea3
1207 2769 1243 2832 et
1263 2759 1312 2830 illi
1328 2758 1388 2851 qui
1406 2763 1633 2829 occurrerunt

221 2880 466 2954 Parmensibus
488 2882 710 2954 venientibus
734 2882 769 2953 in
791 2883 851 2957 ilio
870 2884 1032 2956 convivio
1054 2884 1277 2957 comederant
1290 2892 1327 2954 et
1343 2881 1471 2954 vincet
1487 2879 1632 2952 affluen-

222 3005 362 3078 tissimis
377 3005 526 3101 dapibus
540 3006 633 3100 pleni
649 3014 767 3097 erant;
789 3016 825 3078 et
841 3017 1103 3080 surrexerunta
1119 3006 1266 3103 prandio
1279 3017 1315 3078 et
1326 3005 1633 3101 primocongressu

223 3127 416 3201 credebant
433 3149 556 3201 omnes
575 3129 774 3218 involvere,
792 3139 828 3202 et
841 3130 939 3222 ideo,
958 3132 1039 3226 qnia
1055 3132 1155 3225 qnasi
1172 3129 1258 3202 ebrii
1272 3137 1389 3220 eraut,
1411 3127 1529 3200 tamin
1545 3127 1634 3198 Bur·

222 3263 318 3345 getto
333 3273 438 3347 quam
455 3253 570 3346 glarea
584 3253 735 3327 fluminis
751 3253 854 3325 Tauri
869 3252 946 3351 (ric)
963 3255 1104 3327 inerunt
1117 3254 1163 3326 ab
1178 3254 1228 3327 eis
1250 3252 1377 3325 mortui
1395 3261 1431 3324 et
1447 3250 1631 3346 profligati.

224 3377 355 3463 Quarta
388 3383 442 3447 eat
467 3375 551 3469 qnia
577 3379 772 3450 Parmensis
801 3378 923 3452 civitas
952 3379 1106 3472 undique
1128 3388 1203 3450 erat
1225 3386 1363 3473 aperta;
1381 3376 1512 3447 nnllam
1541 3376 1634 3447 enim

223 3497 376 3571 habebat
393 3499 601 3572 clausuram.
623 3501 752 3586 Quinta
770 3501 858 3574 ratio
882 3511 935 3573 eet
956 3501 1038 3596 qnia
1051 3501 1089 3572 hi
1101 3502 1161 3595 qui
1175 3501 1222 3573 ad
1236 3499 1502 3593 ingrediendum
1518 3497 1637 3572 venie·

224 3621 330 3713 bant,
350 3623 611 3698 occurrentibus
626 3625 825 3700 cancellatis
846 3625 1006 3698 manibus
1025 3626 1163 3718 signum
1179 3625 1291 3697 crucis
1303 3623 1495 3714 iaciebant,
1513 3622 1633 3695 dican·

227 3753 280 3818 tes
298 3774 308 3818 ι
330 3771 352 3814 ιι
372 3743 500 3818 Amore
517 3747 581 3818 Dei
601 3755 639 3818 et
655 3747 758 3819 beate
773 3748 925 3840 Virginis
940 3749 1061 3826 matris
1077 3749 1170 3840 ejus,
1185 3770 1256 3841 qne
1270 3748 1306 3819 in
1326 3745 1392 3819 bac
1417 3746 1557 3818 civitate
1582 3753 1636 3816 ast

230 3893 249 3938 r
268 3867 410 3940 domina
427 3879 565 3961 nostra,
589 3871 726 3965 placent
739 3871 840 3944 vobis
859 3883 899 3942 nt
913 3870 1095 3944 redeamus
1109 3870 1155 3943 ad
1172 3871 1347 3944 civitatem
1363 3878 1535 3958 nostram,
1552 3867 1635 3961 quia

229 4017 247 4058 a
263 3992 987 4089 sinaculpafnimusexpulsietiorbanniti,
999 4005 1126 4066 etcum
1141 3995 1297 4066 omnium
1310 4013 1396 4088 pace
1413 3989 1632 4078 revertimur,

228 4137 330 4189 »nec
342 4116 445 4188 alictii
458 4116 611 4211 aliquam
628 4117 789 4210 injuriam
806 4120 920 4190 iacere
935 4116 1158 4195 intendimus.
1171 4113 1635 4190 ›.AudientasbocParmen·

225 4261 298 4328 ses,
317 4239 399 4332 quia
418 4261 483 4334 per
497 4248 640 4312 stratam
655 4241 730 4313 sine
749 4242 855 4312 armis
878 4241 928 4313 eis
945 4248 1184 4330 occurrerant,
1201 4239 1248 4311 ad
1268 4237 1538 4310 misericordiam
1552 4233 1637 4308 flexi

226 4371 308 4434 sunt
320 4372 464 4458 propter
479 4361 711 4440 humilitatem
724 4385 863 4456 eorum,
880 4374 1129 4464 cognoscentes
1142 4361 1247 4435 etiam
1259 4361 1354 4460 quod
1365 4358 1508 4460 pacifice
1519 4358 1639 4430 venie·
1757 4390 1760 4397 ·

227 4485 330 4576 bant,
348 4484 585 4582 dixemntque
601 4487 651 4560 eis
669 4515 677 4561 ε
699 4514 716 4557 a
735 4487 959 4580 Ingredimini
972 4487 1147 4562 civitatem
1161 4486 1274 4560 securi
1290 4483 1476 4559 innomine
1485 4481 1634 4570 Domini,

232 4609 470 4702 »quinetiam
491 4632 615 4686 manus
633 4621 752 4688 nostra
773 4611 954 4688 uobiscum
975 4610 1042 4684 erit
1059 4610 1095 4682 in
1110 4608 1272 4682 omnibus
1284 4608 1370 4680 istis.
1389 4635 1407 4676 u
1430 4609 1539 4679 Sexta
1550 4605 1639 4678 ratio

230 4741 283 4804 est
301 4733 383 4826 quia
405 4731 442 4804 hi
467 4732 528 4825 qui
553 4734 588 4804 in
612 4734 752 4807 civitate
773 4744 873 4806 erant
888 4755 960 4806 non
980 4733 1256 4806 intromittebant
1271 4753 1308 4806 se
1324 4732 1370 4805 da
1384 4729 1532 4823 negotiis
1545 4729 1637 4819 istis,

307 4853 362 4916 Vl.
384 4869 472 4918 rnna.
1421 4863 1477 4918 ttr
