4300 5916
666 593 863 657 HISTORIA
887 589 1182 668 niunouurlcu.

279 1111 478 1196 Gonredus
508 1110 546 1190 in
578 1109 840 1192 Romanorum
867 1134 996 1218 regem
1024 1107 1186 1214 electuS,
1205 1133 1275 1217 pro
1297 1107 1440 1192 devotis
1466 1107 1626 1192 servitiis
1720 1115 1803 1211 .,ἳ..,

224 1240 376 1327 Henrici
410 1242 637 1325 Brubantiue
667 1243 797 1342 ducis,
832 1241 866 1322 ei
898 1242 971 1322 tria
997 1240 1117 1323 millia
1149 1266 1364 1324 marcarum
1395 1239 1628 1348 Coloniensis

226 1387 401 1460 monetae
435 1375 476 1458 in
504 1376 601 1460 leste
632 1375 760 1460 Sancti
796 1373 956 1484 Remigii
991 1373 1163 1483 proxime
1196 1385 1356 1458 venturo
1382 1373 1629 1484 persoluenda

226 1509 426 1619 promittit.

311 1709 604 1789 (lididenllurssus,
616 1707 721 1788 Troph.
733 1705 775 1768 do
785 1706 889 1786 Brcd„
904 1715 929 1770 t.
940 1709 965 1782 1,
976 1725 1006 1786 p.
1019 1709 1257 1784 ⁸43-nume.,
1272 1705 1341 1768 Cod.
1356 1707 1452 1771 Germ.
1465 1705 1632 1789 diplomat„

347 1823 372 1878 t.
388 1817 434 1893 ΙΙ,
456 1833 487 1893 p.
511 1824 597 1876 1102.
613 1816 687 1877 Goll.
706 1831 774 1875 cum
791 1815 862 1897 liep.
877 1811 926 1875 des
943 1812 1054 1878 chortes
1071 1812 1106 1876 dc
1120 1813 1225 1891 Brab„
1240 1817 1288 1889 B„
1304 1814 1374 1877 folle
1388 1825 1406 1877 5
1422 1832 1523 1890 ruso,
1536 1817 1569 1877 ln
1581 1833 1633 1878 ar·

350 1923 436 1984 chlvo
451 1940 514 2001 reg.
532 1919 739 1999 Bruxellensl.)
1338 1934 1341 1941 ·

278 2097 474 2187 Conradus,
494 2096 565 2168 divi
588 2098 725 2190 augusti
744 2097 961 2193 imperatoris
983 2096 1145 2169 Friderici
1165 2094 1273 2188 lilius,
1291 2097 1355 2168 Dei
1377 2095 1489 2190 gratia
1510 2097 1635 2170 Roma·

231 2223 524 2315 noruminregem
541 2223 684 2313 electuS,
700 2243 837 2316 semper
849 2229 1016 2314 augustus
1031 2232 1066 2292 et
1081 2219 1182 2293 heres
1201 2219 1299 2314 regni
1314 2218 1538 2314 lerhusalem,
1554 2221 1633 2292 uni-

231 2347 341 2419 versis
357 2356 535 2443 presentes
550 2347 682 2417 litteras
704 2345 909 2441 inspecturis
928 2345 1090 2417 fidelihus
1110 2346 1181 2417 suis
1202 2345 1350 2438 gratiam
1363 2366 1461 2417 suam
1482 2355 1518 2417 et
1533 2366 1634 2418 omne

232 2471 376 2543 bonum.
391 2472 525 2542 Tenere
541 2470 753 2565 presentium
767 2479 888 2542 notum
905 2492 981 2541 esse
997 2470 1158 2541 volumus
1172 2479 1207 2540 et
1222 2478 1453 2563 protestamur
1464 2469 1559 2562 quod
1572 2491 1636 2542 nos

233 2594 452 2667 attendentes
470 2595 632 2666 devotam
651 2593 884 2666 sinceritatem
903 2615 967 2688 per
985 2615 1091 2688 quam
1111 2593 1279 2664 Henricus
1301 2593 1442 2665 illustris
1460 2593 1535 2666 dux
1552 2595 1635 2666 Bra·

233 2717 349 2791 bantie
367 2740 431 2816 pro
448 2718 596 2790 servitiis
615 2717 746 2790 domini
765 2727 800 2788 et
813 2717 920 2812 patris
934 2717 1042 2788 nostri
1057 2726 1093 2789 et
1110 2718 1234 2788 nostris
1256 2738 1293 2789 se
1312 2717 1472 2790 sedulum
1494 2716 1638 2789 exhibet

230 2843 360 2935 jugiter
375 2853 411 2914 et
426 2842 599 2922 intentum
618 2839 684 2938 (l),
703 2841 746 2913 de
764 2841 978 2948 plenitudine
999 2841 1131 2913 consilii
1153 2841 1261 2913 nostri
1274 2841 1505 2935 promittimus
1521 2840 1553 2912 ei
1572 2825 1637 2913 tria

234 2968 341 3039 millia
368 2988 562 3038 marcarum
592 2966 803 3038 coloniensis
827 2975 965 3038 monete
988 2966 1023 3036 in
1052 2967 1140 3038 festo
1162 2966 1278 3038 Sancti
1306 2966 1452 3058 Remigii
1477 2966 1637 3060 proximo

234 3114 329 3163 nunc
344 3101 492 3163 venturo
505 3090 693 3162 liberaliter
708 3090 952 3185 persolvenda.
968 3089 1023 3161 Ad
1041 3091 1140 3182 cujus
1158 3090 1207 3162 rei
1226 3091 1331 3162 robur
1351 3101 1527 3184 presentes
1545 3090 1637 3162 litte·

234 3237 291 3287 ras
306 3212 383 3286 fieri
396 3216 540 3286 lecimus
554 3215 655 3306 sigilli
672 3215 779 3287 nostri
796 3215 985 3286 munimine
1001 3214 1191 3287 roboratas.

284 3337 410 3410 Actum
428 3338 524 3434 apud
539 3337 733 3429 Coloniam,
749 3361 841 3411 anno
856 3338 1027 3411 dominice
1044 3339 1288 3412 incarnationis
1305 3339 1487 3412 millesimo
1507 3340 1640 3413 ducen-

236 3462 357 3535 tesimo
373 3461 638 3557 quadragesimo
654 3464 822 3554 secundo,
838 3484 957 3534 mense
975 3464 1101 3552 martii,
1119 3465 1181 3536 XV
1197 3463 1397 3536 indictione.

452 3738 1428 3751 mmm———W

291 3988 509 4071 Revertente
525 4014 614 4072 vero
633 4016 722 4098 rege
742 3989 999 4074 confluentiae
1021 3991 1213 4100 adportes
1237 4001 1324 4074 ante
1339 3990 1503 4096 Pascha,
1524 4015 1638 4073 mor-

238 4129 327 4203 tuus
356 4133 414 4205 est
442 4123 694 4205 Theodericus
725 4125 1026 4234 archiepiscopus
1054 4127 1113 4231 (ἓ)
1138 4124 1272 4234 quinto
1301 4123 1484 4207 kalendas
1510 4122 1640 4233 aprilis

239 4250 310 4363 (28
328 4254 487 4360 martii).
509 4263 605 4336 Gest.
633 4255 796 4376 urente,
815 4257 899 4340 loco
919 4285 1033 4364 supra
1051 4259 1176 4342 citato.

274 4517 312 4589 (t)
328 4519 387 4578 Non
402 4518 447 4576 diu
461 4527 551 4578 autem
564 4521 673 4580 duravit
687 4521 792 4580 laudata
806 4523 855 4580 ista
871 4521 952 4592 fides,
968 4523 1033 4579 dum
1047 4522 1100 4580 dur
1111 4523 1268 4582 Brabantiae
1279 4523 1348 4581 inter
1366 4522 1467 4596 primos
1483 4523 1643 4582 Germaniae

241 4624 376 4688 magnates
389 4616 526 4691 adportes
537 4619 614 4677 Sedis
625 4619 760 4678 Romanae
773 4637 832 4678 mox
845 4620 984 4678 deiecerit

275 4713 311 4786 (2)
329 4715 457 4787 Magnum
472 4714 569 4774 abinde
585 4725 709 4776 exortum
726 4723 768 4776 est
783 4718 922 4776 dissidium
935 4726 1045 4792 propter
1061 4717 1195 4792 duplicem
1209 4724 1266 4777 turn
1279 4719 1391 4776 hunoldi
1405 4719 1534 4778 ecclesiae
1547 4719 1644 4778 cathe-

319 4813 373 4876 Ἦ.
393 4830 482 4876 ΡΜ.
1427 4829 1483 4882 105
