4300 5916
243 617 344 677 horor.
360 615 406 693 2]
685 615 881 678 HISTORIA
905 610 1202 679 ntrtollnvlcll.
1587 619 1648 684 849

326 802 420 876 (Edlt.
436 818 485 878 ap.
501 802 698 874 Smnmrrn,
712 802 839 864 Menum.
853 801 974 879 Zoller„
989 805 1094 882 lpurs,
1109 819 1139 878 p.
1154 809 1207 874 ως
1224 815 1304 860 nnnc
1320 817 1389 861 vero
1403 801 1468 862 coll.
1482 819 1550 866 cum
1564 811 1647 882 copta

362 909 533 970 ruthenum
545 911 577 968 ln
587 909 709 970 areblvo
722 909 963 990 stuttgartense.)

291 1092 486 1184 Conradus,
507 1093 580 1165 divi
600 1095 737 1186 augusti
759 1096 976 1191 imperatoris
997 1095 1161 1168 Friderici
1181 1091 1290 1182 lilius,
1312 1094 1375 1165 Dei
1394 1096 1505 1186 gratia
1520 1097 1644 1170 Roma·

242 1238 368 1288 norum
384 1217 420 1288 in
437 1238 554 1308 regem
574 1218 717 1308 clectus,
739 1241 876 1313 semper
891 1229 1058 1312 augustus
1074 1228 1110 1290 et
1124 1217 1227 1289 heres
1242 1217 1339 1311 regni
1358 1220 1641 1316 ierosolymitani.

241 1341 307 1412 Per
323 1362 467 1436 presens
488 1341 653 1437 scriptum
669 1351 789 1414 notum
808 1343 952 1415 tacimus
966 1341 1137 1413 universis
1155 1351 1224 1412 tam
1242 1342 1458 1436 presentibus
1472 1345 1607 1436 quam
1629 1385 1645 1400 ·

243 1464 329 1538 turis
345 1466 441 1560 quod
461 1465 679 1538 venerabiles
702 1468 825 1538 fratres
842 1466 1022 1561 hospitalis
1038 1467 1162 1537 Sancte
1186 1466 1291 1537 Marie
1314 1465 1439 1538 domus
1458 1467 1644 1540 Theutoni·

243 1609 361 1660 eornm
380 1589 415 1659 iu
429 1573 632 1682 Jerusalem,
651 1571 768 1661 dilecti
784 1591 906 1680 nostri,
923 1589 1153 1684 subscriptum
1171 1589 1390 1685 privilegium
1406 1588 1578 1662 indultum
1595 1593 1645 1666 eis

242 1733 264 1784 a
292 1713 434 1784 domino
456 1721 553 1808 patre
577 1722 697 1786 nostro
718 1715 893 1786 Friderico
918 1716 1152 1786 Romanorum
1185 1713 1392 1807 imperatore
1427 1715 1644 1788 serenissimo

241 1857 380 1930 semper
394 1846 555 1928 augusto,
573 1846 690 1910 nostre
709 1838 914 1910 excellentie
930 1847 1187 1932 presentarunt,
1205 1836 1331 1908 devote
1352 1837 1586 1931 supplicantes
1604 1852 1642 1912 ul

241 1959 334 2032 idem
355 1960 573 2056 privilegium
590 1961 775 2051 innovare,
794 1972 906 2033 ratum
923 1960 1050 2033 habere
1065 1971 1100 2033 et
1114 1958 1318 2032 confirmare
1337 1960 1382 2032 de
1399 1971 1517 2033 nostra
1531 1964 1642 2056 gratia

241 2082 477 2176 dignaremur.
493 2085 604 2176 Hujus
619 2083 736 2176 itaque
753 2085 922 2179 privilegii
940 2095 1039 2156 tenor
1058 2082 1253 2180 peremnia
1270 2083 1347 2154 talis
1363 2093 1437 2155 erat
1454 2112 1461 2156 :

291 2203 471 2302 (Sequitur
495 2207 541 2278 de
568 2208 676 2279 verbo
700 2208 914 2281 adverbum
941 2208 1158 2304 privilegium
1181 2207 1393 2280 aFriderico
1419 2209 1445 2280 ss
1468 2209 1639 2280 indultum

240 2330 336 2425 apud
351 2330 556 2422 Augustam,
575 2351 667 2402 anno
682 2333 789 2423 l235,
802 2353 921 2404 mense
937 2321 1131 2404 novembri.
1147 2332 1234 2404 Vide
1244 2353 1361 2426 supra,
1379 2341 1403 2402 t.
1416 2331 1474 2420 lv,
1489 2355 1523 2427 p.
1537 2327 1640 2428 loe.)

287 2454 360 2525 Nos
383 2455 487 2546 igitur
510 2453 643 2527 devotis
664 2456 971 2550 supplicationibus
995 2456 1228 2552 predictorum
1250 2456 1394 2526 fratrum
1419 2455 1477 2547 qui
1503 2477 1641 2550 semper

238 2575 309 2649 lide
325 2577 459 2649 sincera
480 2578 622 2651 domino
643 2579 732 2673 patri
757 2590 891 2669 nostro,
911 2579 1010 2651 nobis
1033 2589 1068 2651 et
1089 2579 1234 2675 imperio
1254 2578 1474 2650 laudabiliter
1495 2578 1640 2652 adhese-

237 2712 335 2792 runt,
352 2711 388 2772 et
405 2701 451 2772 ad
469 2701 715 2774 exaltationem
736 2703 844 2775 nostri
865 2703 1014 2774 nominis
1037 2714 1073 2775 et
1094 2703 1236 2775 honoris
1253 2704 1453 2798 frequenter
1471 2703 1638 2797 aspirant,

237 2825 474 2898 favorabiliter
498 2835 709 2915 annuentes,
736 2841 961 2899 memoratum
989 2827 1207 2920 privilegium
1228 2827 1272 2898 de
1299 2827 1406 2898 verbo
1426 2827 1471 2899 ad
1495 2827 1639 2899 verbum

238 2949 482 3044 transcriptum
502 2950 653 3044 presenti
675 2951 856 3044 privilegio
872 2962 990 3023 nostro
1010 2952 1114 3023 inseri
1126 2952 1309 3043 jussimus3
1330 2951 1493 3022 universa
1511 2962 1545 3023 et
1567 2951 1639 3022 sin·

237 3074 321 3165 gula
346 3089 414 3166 que
437 3073 659 3144 continentur
680 3074 715 3143 in
739 3074 814 3168 ipso
838 3075 1060 3165 innovamus,
1084 3074 1293 3147 ratificamus
1308 3086 1344 3146 el
1365 3096 1427 3169 pro
1447 3075 1557 3146 salute
1577 3095 1640 3170 pa·

239 3205 339 3268 terno
371 3205 406 3266 et
432 3197 586 3268 remedio
618 3208 837 3291 peccatorum
864 3199 1038 3272 carissime
1067 3200 1185 3270 matris
1212 3208 1338 3280 nostre¹
1359 3198 1450 3270 clare
1475 3200 1641 3271 memorie

237 3318 428 3391 liberaliter
449 3318 708 3409 confirmamus,
739 3332 930 3394 statuentes
958 3346 1003 3395 ne
1031 3324 1109 3416 quis
1135 3331 1256 3394 contra
1284 3322 1438 3414 ejusdem
1471 3323 1641 3418 privilegii

237 3451 395 3514 tenorem
415 3444 633 3536 aliquatenus
652 3445 772 3518 venire
794 3457 983 3541 presumat.
1010 3447 1054 3518 Ul
1073 3457 1189 3517 autem
1210 3446 1314 3539 hujus
1337 3447 1417 3518 lacti
1436 3446 1545 3520 nostri
1567 3447 1640 3520 evi·

238 3565 357 3639 dentia
385 3578 591 3660 perpetuum
618 3568 724 3641 mbnr
750 3569 906 3641 obtineat
929 3569 1118 3661 firmitatis,
1142 3592 1286 3665 presens
1313 3571 1477 3665 scriptum
1505 3568 1581 3642 fieri
1607 3583 1643 3642 et

238 3689 352 3782 sigillo
366 3690 474 3760 nostri
493 3691 653 3763 culminis
665 3693 832 3784 jussimus
851 3695 1017 3766 roborari.

288 3813 406 3884 Testes
433 3822 549 3884 autem
577 3813 681 3907 hujus
705 3817 755 3888 rei
778 3827 859 3888 sunt
880 3848 888 3888 :
911 3818 1091 3889 Heinricus
1113 3818 1321 3890 venerabilis
1347 3818 1645 3911 Babenbergensis

239 3937 385 4026 electus,
416 3937 579 4028 magister
610 3938 788 4036 Philippus
827 3940 1047 4013 decretorum
1077 3942 1211 4032 doctor,
1247 3943 1491 4014 llinllesmulus
1528 3952 1644 4013 custos

238 4061 558 4152 Babenbergensis,
582 4061 717 4135 Ulricus
746 4086 862 4137 comes
892 4065 937 4136 de
964 4065 1120 4156 Ultimis,
1152 4066 1330 4138 Conradus
1367 4065 1573 4159 burgravius
1599 4064 1644 4137 de

239 4181 462 4255 Norenberch
485 4183 600 4256 senior
624 4196 659 4258 et
675 4188 794 4280 junior
811 4189 1018 4280 burgravius
1042 4185 1133 4260 filius
1152 4211 1251 4281 suus,
1272 4189 1478 4262 Godelrillus
1499 4199 1533 4263 et
1556 4190 1645 4263 Con·

239 4305 345 4378 radus
361 4309 484 4378 fratres
506 4306 551 4380 de
570 4309 793 4404 Hobenlocb,
811 4313 987 4385 Conradus
1010 4312 1054 4385 de
1077 4311 1290 4402 Smidilvelt,
1307 4313 1440 4386 Ulricus
1461 4314 1506 4386 de
1528 4313 1645 4386 Kone·

239 4428 382 4522 gesbein
401 4427 468 4526 (a),
485 4430 691 4506 Godefrillus
705 4436 749 4508 de
763 4436 965 4528 Solzburch,
983 4438 1090 4509 etalii
1107 4437 1343 4531 quamplures.

280 4705 323 4788 (a)
345 4709 414 4771 Slve
426 4707 462 4769 ue
476 4710 682 4792 Kuaepcslet'a.
