4306 5914
205 651 369 738 lanumtil
654 645 851 716 ursionis
875 647 1171 715 bimenstres.
1553 653 1615 714 627

205 794 422 892 promnmam
447 793 559 888 itesam
580 791 618 862 iu
643 791 740 864 omni
762 791 1011 884 manuillitate
1034 789 1224 884 mahemet,
1247 805 1447 882 mranqtram
1465 806 1616 884 regnum
1669 856 1682 878 ,

204 931 364 992 meeum
377 918 415 990 in
432 915 764 1012 proximo,oivitetis
777 917 900 988 Parme
919 915 1083 1011 depresm
1101 915 1276 1010 protervia
1288 913 1347 986 rel
1363 914 1473 1010 ipsius
1485 934 1615 1009 urgen-

207 1044 338 1116 tissime
358 1025 630 1138 depopulatione
654 1051 813 1136 pernota,
832 1050 993 1136 repetere
1015 1039 1242 1136 personaliter
1264 1038 1500 1135 disponamus,
1519 1049 1554 1112 te
1571 1039 1618 1112 etl

204 1179 322 1264 partes
332 1168 410 1240 illes
425 1177 590 1259 tanquam
607 1166 811 1260 preo'puum
827 1167 904 1238 loeo
919 1157 1029 1236 nostri
1045 1163 1213 1236 viearmm
1227 1173 1309 1236 ante
1324 1163 1447 1236 faeiem
1463 1175 1617 1236 nostram

204 1293 336 1364 salubri
353 1289 630 1364 consideratione
647 1289 863 1385 providimus
878 1287 1174 1385 premiotendum3
1188 1287 1366 1360 devotioni
1382 1297 1439 1361 tue
1449 1289 1619 1362 mandan-

204 1427 258 1490 tes
279 1388 693 1510 qnemnm'tnmminonn
712 1415 863 1510 receptis
881 1411 1117 1523 presentibus,
1135 1412 1183 1491 ad
1201 1413 1399 1485 comitivam
1422 1423 1516 1486 tuem
1531 1414 1617 1488 viris

204 1540 379 1634 aliquibus
393 1537 556 1611 fidelibus
568 1539 698 1611 nostris
712 1538 760 1611 oe
772 1539 880 1611 'barm
895 1539 1037 1610 laboris
1055 1547 1093 1610 et
1110 1538 1277 1612 comitatu
1294 1537 1416 1610 Molisii
1436 1538 1546 1610 tribus
1555 1539 1616 1610 rel

203 1671 354 1760 quatuor
367 1663 557 1759 deputatis,
577 1663 711 1756 magnis
725 1670 762 1734 et
777 1663 988 1735 continuatis
1004 1663 1108 1734 dietis
1121 1661 1170 1734 ad
1185 1672 1302 1760 partes
1317 1663 1423 1758 ipsas,
1440 1662 1531 1736 aaut
1546 1682 1616 1734 un·

205 1809 311 1881 qmm
333 1787 481 1879 gratiam
507 1795 661 1860 nostram
685 1787 816 1880 diligis,
835 1787 998 1859 solariter
1016 1786 1156 1859 audeas
1180 1797 1214 1859 te
1237 1789 1437 1859 transferre.
1461 1786 1619 1872 Qualiter
1643 1847 1647 1854 .

206 1921 322 1984 eutem
334 1925 443 2006 super
456 1910 656 2005 receptione
669 1911 762 2003 regis
775 1909 932 2004 ejusdem
947 1920 986 1982 et
1003 1909 1151 2003 negotiis
1169 1912 1297 1982 nostris
1314 1911 1450 1981 illarum
1466 1911 1618 2004 partium

206 2054 326 2126 gerere
346 2045 379 2106 te
395 2033 556 2129 velimus,
581 2055 645 2130 per
664 2036 793 2107 latores
809 2033 1037 2129 presentium,
1057 2033 1198 2105 suanos
1219 2042 1297 2104 tuos
1321 2029 1442 2106 fideles
1463 2043 1615 2126 nostros,

207 2158 333 2253 quibus
347 2157 533 2252 superbos
547 2158 745 2252 plenissime
767 2158 1021 2254 beneplacitum
1037 2169 1154 2230 nostre
1173 2157 1361 2250 maiestatis
1383 2157 1617 2252 expressimus

207 2291 241 2354 et
256 2280 362 2354 fidem
378 2281 569 2377 plenariam
582 2281 749 2354 adhibere
767 2290 801 2353 te
814 2283 988 2374 volumus,
1005 2279 1359 2376 sufficienter-poteris
1374 2279 1564 2352 informari.

257 2891 500 2976 lunooentius
521 2919 623 3006 papa
649 2892 916 3006 Argentinensi
938 2895 1114 3006 episeopo
1136 2894 1202 3006 qui
1227 2893 1411 3005 oppidum
1436 2893 1484 2974 de
1511 2893 1615 2978 Gen·
1673 2909 1790 3018 Lppggpp

208 3022 379 3134 genhaeh
414 3039 613 3140 oestroque
649 3029 696 3111 de
730 3025 902 3140 Melberg
936 3039 975 3111 et
1006 3027 1247 3138 breemberg,
1268 3053 1367 3138 quae
1402 3023 1614 3110 Friderieus

208 3161 402 3268 quondam
425 3159 633 3272 imperator
655 3160 704 3244 ab
727 3160 884 3244 ecelesia
904 3159 1176 3272 bambergensi
1197 3161 1348 3245 tenebat
1373 3157 1612 3268 infandum,

209 3291 286 3374 suis
309 3293 524 3402 sumptibus
543 3293 658 3404 oepit,
680 3293 851 3378 coneedit
874 3305 917 3378 ut
941 3297 1075 3377 eudem
1094 3305 1220 3378 eastre
1245 3321 1322 3377 non
1346 3293 1492 3406 possint
1515 3293 1614 3377 alie-

208 3423 290 3505 nari
308 3425 381 3506 nisi
399 3425 506 3534 prius
524 3427 558 3510 ei
585 3427 633 3509 de
651 3429 824 3537 expensis
843 3429 922 3510 suis
940 3427 1052 3511 fuerit
1070 3427 1238 3538 plenarie
1256 3427 1506 3511 setisieetum.

156 3621 159 3626 Ι
290 3665 395 3745 (naid.
406 3668 609 3748 bononorum,
617 3665 715 3732 Anat.
728 3667 891 3750 diplomat,
902 3677 927 3734 t.
939 3671 964 3747 1,
976 3682 1010 3734 n·
1022 3669 1214 3748 ccccml,
1226 3687 1242 3730 e
1254 3670 1321 3732 eod.
1333 3671 1396 3732 lisa
1408 3670 1485 3734 Bibl.
1500 3671 1610 3750 Vetto,

325 3782 360 3834 ιι·
379 3783 474 3852 718t3
493 3791 613 3836 erronee
635 3792 704 3836 vero
725 3775 865 3854 Gregorio
883 3793 1036 3838 nonorem
1054 3777 1171 3839 tribuit.
1189 3779 1307 3840 Rectius
1331 3784 1431 3838 tamen
1458 3781 1611 3856 epistolam

323 3879 423 3940 &nrm
434 3881 556 3942 utlibet
569 3876 687 3960 ibidem,
700 3901 732 3960 p.
747 3891 816 3955 sss,
831 3887 965 3964 ereglnt.
980 3887 1068 3963 epist.
1084 3901 1163 3945 anno
1176 3885 1216 3962 V,
1233 3887 1320 3961 epist.
1336 3884 1420 3964 son.)

253 4087 535 4188 Innocentiusia)
549 4092 746 4189 episeopus,
764 4114 886 4168 servus
904 4116 1085 4170 servornm
1104 4095 1184 4188 Dei,
1200 4096 1391 4170 venerabili
1415 4097 1527 4172 fratri.
1557 4150 1567 4170 .
1597 4151 1608 4170 .

208 4209 451 4306 Argentiuensi
477 4214 641 4314 episeopo
664 4219 813 4292 salutem
834 4227 871 4292 et
892 4219 1118 4314 apostolicam
1137 4219 1429 4294 benedictionem.
1455 4221 1507 4296 Ne
1528 4222 1611 4297 inde

208 4335 503 4428 possisinourrore
512 4339 639 4416 demus
654 4342 749 4416 unde
765 4344 931 4418 meruisse
943 4343 1156 4438 dignoscens
1166 4345 1388 4420 commodum
1397 4355 1433 4418 et
1442 4347 1609 4444 favorem,

209 4455 356 4531 libenter
375 4462 581 4558 apponimus
601 4465 793 4538 remedium
813 4475 849 4538 et
871 4467 1054 4539 cautelam.
1077 4467 1162 4538 Cum
1187 4467 1304 4562 igitur,
1322 4469 1412 4542 siout
1431 4481 1528 4565 patet
1549 4493 1613 4568 per

210 4599 327 4675 opera,
338 4604 385 4655 ex
396 4595 494 4679 parte
511 4596 570 4659 tuo
588 4581 692 4661 fuerit
708 4583 923 4686 propositum
936 4611 1053 4664 coram
1064 4587 1167 4664 nobis
1181 4591 1276 4686 quod
1289 4594 1609 4689 oppidumdeGeu·

250 4781 291 4861 (a)
313 4784 348 4845 n
361 4785 424 4846 eoa
443 4785 606 4868 neem,
622 4791 709 4852 mere.
