4352 5940
1005 569 1219 634 ruluuutct
1244 571 1418 634 succum
1723 571 1806 650 [Aua.
1824 573 1911 636 ists.

561 1057 789 1167 Fridericus,
807 1061 1066 1144 Romanorum
1091 1061 1311 1170 imperator,
1334 1059 1496 1144 Iohanni
1520 1059 1648 1141 Turdo
1673 1057 1722 1142 de
1744 1057 1916 1141 Messana

509 1191 639 1274 scribit
673 1195 907 1278 consolando
943 1219 1032 1276 eum
1063 1194 1112 1276 de
1146 1203 1271 1277 morte
1305 1192 1374 1274 filii
1410 1193 1524 1276 occisi
1558 1191 1599 1272 in
1640 1189 1916 1300 expugnatione

508 1323 706 1408 Victoriae.

593 1513 688 1592 (Edlt.
703 1515 735 1573 ln
757 1513 841 1574 Patri
860 1511 896 1573 de
920 1513 987 1573 llio.
1007 1514 1105 1592 epist,
1120 1511 1173 1574 ΙΙΙ).
1192 1513 1251 1588 1v‚
1267 1529 1334 1590 cap.
1351 1511 1411 1584 IV,
1428 1519 1459 1572 et
1479 1529 1529 1589 ap.
1547 1511 1694 1572 Maerens
1718 1516 1749 1570 et
1769 1509 1914 1580 nomn,

628 1617 802 1699 ampliaria.
817 1617 939 1695 collect,
953 1627 977 1679 t.
994 1619 1040 1696 11,
1055 1637 1084 1696 p.
1105 1629 1195 1692 tttt,
1214 1619 1267 1679 ubl
1280 1635 1433 1696 perperam
1448 1621 1509 1695 regl
1528 1617 1663 1678 Conrado
1688 1615 1834 1676 addicitur
1856 1615 1915 1689 cpl-

629 1727 719 1800 stola3
734 1744 814 1786 nunc
827 1727 897 1788 coll.
910 1743 979 1786 cum
993 1729 1082 1786 vartls
1094 1725 1171 1787 Blbl.
1188 1724 1285 1786 Cesar.
1302 1725 1397 1787 Paris.
1413 1724 1574 1785 codicibus.
1590 1725 1626 1783 ln
1639 1721 1706 1782 cod.
1723 1720 1912 1780 bledlomont.

630 1832 702 1894 bibl.
717 1850 765 1910 ap.
782 1833 814 1894 S.
832 1833 890 1893 Th.
905 1833 1049 1910 Pbtlllpps
1066 1833 1226 1893 titulusita
1244 1839 1384 1893 exuatur
1396 1848 1404 1892 t
1418 1829 1612 1891 «ibidem
1630 1827 1698 1890 duct
1714 1825 1869 1908 spoletano
1883 1822 1918 1884 dc

630 1934 790 2014 mortefilii
801 1938 849 1998 cui
860 1939 893 1997 ia
907 1937 1097 1999 multatione
1114 1937 1246 1998 Victoria.
1260 1941 1290 2012 a)

558 2099 755 2193 lugubrem
773 2099 864 2171 Petri
888 2097 948 2170 filii
969 2100 1020 2170 tui
1040 2121 1174 2189 casum,
1192 2097 1345 2192 vulgaris
1366 2097 1456 2170 lame
1475 2099 1618 2170 tortasse
1638 2093 1821 2168 velocitate
1839 2113 1917 2187 pre-

512 2223 708 2315 cognitum,
725 2223 825 2315 cujus
846 2222 976 2295 doloris
996 2223 1138 2294 aculeus
1159 2222 1255 2316 prius
1276 2221 1450 2294 dominica
1471 2231 1613 2317 pectora
1632 2218 1801 2291 transiens
1816 2237 1920 2310 quam

511 2356 672 2442 paterna,
688 2346 770 2418 lecit
782 2347 816 2415 in
831 2346 932 2418 nobis
943 2356 1111 2438 quantum
1126 2345 1223 2417 licuit
1234 2355 1270 2416 et
1282 2344 1399 2417 decuit
1412 2343 1747 2433 stationem,inlasto
1759 2341 1820 2412 tibi
1832 2339 1920 2436 stylo

513 2469 753 2542 describimus.
780 2469 825 2539 Et
843 2469 924 2540 licet
950 2470 1108 2561 ejusdem
1126 2469 1240 2542 obitus
1257 2491 1322 2541 nos
1340 2470 1376 2539 in
1395 2469 1553 2562 ejusdem
1574 2466 1819 2560 obsequiorum
1838 2463 1919 2535 sub-

515 2594 683 2666 tractione
709 2593 916 2683 turbaverit,
937 2604 974 2664 et
994 2603 1045 2683 te,
1069 2593 1160 2665 sicut
1177 2591 1321 2665 tirmiter
1339 2593 1530 2684 credimus,
1549 2592 1586 2663 in
1611 2591 1724 2663 carnis
1747 2588 1920 2661 decisione

512 2719 715 2791 medullitus
730 2716 902 2788 venabulo
915 2717 1067 2812 quodam
1080 2717 1258 2812 inopinato
1269 2716 1459 2812 percutiat3
1480 2717 1509 2789 si
1522 2715 1647 2788 modus
1661 2725 1778 2786 tamen
1792 2723 1828 2783 et
1839 2729 1922 2802 qua·

514 2842 592 2913 litas
605 2843 725 2913 mortis
740 2839 943 2932 attenditur,
957 2842 1201 2914 consolationis
1216 2842 1424 2932 remedium,
1434 2839 1529 2933 quod
1543 2862 1606 2911 nos
1617 2841 1690 2932 jam
1703 2835 1830 2910 exinde
1843 2853 1922 2930 pro-

514 2965 621 3037 babili
639 2965 774 3036 ratione
790 2963 1025 3059 concepimus,
1041 2965 1156 3036 locum
1171 2964 1340 3058 grandem
1356 2964 1513 3035 invenire
1529 2962 1675 3034 firmiter
1691 2961 1873 3055 opinamur
1884 2955 1921 3026 in

515 3098 626 3183 patre.
651 3089 742 3158 Dum
769 3087 862 3158 enim
889 3087 983 3160 idem
1010 3085 1102 3160 filius
1128 3098 1207 3159 tuus
1231 3109 1368 3160 camere
1393 3098 1510 3160 nostre
1532 3086 1682 3159 servitiis
1704 3083 1862 3158 assidam
1887 3089 1923 3151 et

515 3210 744 3304 obsequiosus
757 3210 944 3300 insisteret,
959 3209 996 3280 in
1011 3211 1249 3285 combustione
1266 3221 1457 3283 castrorum
1472 3221 1671 3284 nostrorum
1686 3207 1849 3297 Victoria,
1862 3203 1922 3275 ubi

517 3355 599 3405 eum
613 3335 700 3405 lorte
715 3341 876 3428 potuerat
888 3354 909 3406 a
922 3333 1105 3405 rebellium
1119 3345 1316 3407 nostrorum
1329 3320 1490 3407 manibus
1502 3336 1584 3427 tuga
1597 3333 1805 3422 subducere,
1819 3330 1924 3402 devo-

519 3458 620 3529 tionis
635 3455 735 3530 firma
751 3457 958 3548 constantia,
978 3479 1047 3551 que
1065 3458 1127 3530 vix
1142 3457 1267 3530 cadere
1287 3460 1470 3531 consuevit
1486 3459 1522 3530 in
1534 3461 1720 3551 juvenem,
1737 3455 1844 3550 gladii
1863 3475 1920 3526 su-

518 3590 662 3677 perante
679 3589 869 3668 terrorem,
890 3591 1034 3652 cruenta
1052 3581 1175 3653 maluit
1189 3593 1301 3654 morte
1317 3583 1544 3655 succumbere
1559 3603 1665 3675 quam
1681 3580 1831 3653 dimissis
1845 3579 1923 3651 aule

518 3715 634 3777 nostre
652 3703 813 3794 servitiis,
829 3703 931 3775 saluti
946 3704 1085 3799 proprie
1099 3705 1163 3776 sibi
1176 3727 1240 3801 per
1253 3707 1502 3780 absentationis
1518 3705 1709 3778 subsidium
1724 3703 1920 3801 providere.

517 3830 571 3901 Ex
586 3828 652 3900 hac
665 3828 769 3920 igitur
782 3848 887 3919 quam
906 3828 1059 3899 diximus
1076 3849 1193 3919 causa,
1212 3831 1376 3924 precipua
1394 3830 1572 3903 doloribus
1594 3830 1661 3901 tuis
1682 3826 1925 3902 consolationis

518 3962 695 4046 unguenta
712 3950 945 4046 porrigentes,
969 3952 1029 4024 tibi
1045 3953 1251 4026 mandamus
1272 3964 1313 4025 ut
1339 3975 1419 4025 cum
1440 3955 1597 4046 ejusdem
1617 3952 1680 4024 lilii
1701 3953 1751 4025 tui
1772 3951 1926 4026 defuncti

518 4079 616 4151 vivat
630 4077 666 4147 in
683 4075 791 4146 nostri
810 4075 925 4148 cordis
944 4075 1086 4166 scrinio,
1105 4077 1209 4149 etiam
1228 4099 1333 4150 carne
1352 4076 1553 4169 deficiente,
1569 4077 1754 4167 memoria,
1769 4089 1806 4148 et
1826 4086 1926 4171 turpe

518 4202 564 4273 sit
585 4201 622 4271 in
646 4199 818 4296 prudente
839 4197 916 4271 viro
935 4200 1179 4272 consolationis
1200 4201 1393 4274 remedium
1413 4211 1567 4297 prestare
1586 4201 1754 4274 lassitudo
1767 4197 1844 4298 (sic)
1858 4219 1929 4272 me

519 4325 604 4398 dum
619 4323 805 4396 fundendis
817 4323 978 4418 lacrymis
993 4324 1169 4418 adponere
1180 4325 1335 4415 studeas,
1351 4334 1387 4396 et
1399 4345 1538 4398 causam
1555 4325 1591 4396 in
1607 4325 1708 4396 nobis
1721 4322 1928 4396 consolatio·

520 4447 574 4520 nis
590 4467 759 4536 assumas,
775 4456 843 4518 etc.
862 4443 926 4542 (l).

557 4670 590 4744 lt)
609 4671 648 4728 Da
661 4670 755 4728 eodem
768 4669 858 4728 turdo
870 4670 904 4727 dc
917 4671 1053 4743 Messana,
1069 4670 1093 4729 si
1108 4671 1172 4728 huic
1186 4671 1245 4730 viro
1258 4670 1326 4730 haec
1345 4673 1456 4746 epistola
1477 4689 1571 4732 revera
1588 4671 1670 4730 missa
1688 4671 1780 4745 luerit,
1798 4672 1887 4746 agitur
1898 4672 1926 4728 iu
