4310 5908
1008 611 1221 676 tttttlttttttct
1245 611 1417 676 sectant
1722 613 1805 692 [Am.
1823 613 1909 680 tnta.

341 1281 451 1388 etta
562 1303 708 1388 Interea
728 1306 960 1417 FridericuS,
987 1307 1091 1392 filius
1116 1309 1354 1420 imperatoris
1382 1307 1586 1414 naturalis,
1612 1315 1780 1389 castrum
1804 1303 1909 1414 qnod

509 1437 721 1546 appellatur
749 1439 935 1552 capragia
962 1441 1003 1522 in
1029 1441 1183 1547 Tuscia,
1203 1441 1243 1524 in
1270 1469 1349 1553 quo
1375 1441 1487 1526 multi
1518 1467 1564 1524 err
1583 1439 1724 1524 Guelfis
1742 1435 1908 1521 bannitis

505 1565 717 1654 Florentiae
741 1571 990 1682 intraverant,
1010 1574 1221 1660 obsidebat.
1244 1576 1330 1675 Quo
1353 1584 1463 1684 capto
1483 1573 1561 1684 (1),
1584 1573 1790 1682 imperator
1813 1569 1907 1654 alios

505 1725 552 1784 ex
582 1703 675 1812 ipsis
701 1707 819 1816 captis
846 1707 1074 1818 suspendere
1097 1709 1186 1792 fecit
1213 1708 1274 1818 (2)
1298 1717 1336 1792 et
1366 1707 1462 1791 alios
1488 1707 1529 1789 in
1553 1704 1731 1815 Apuliam
1755 1702 1903 1786 direxit.

504 1832 651 1921 Deinde
670 1836 839 1948 inportu
862 1840 957 1924 Pisis
975 1840 1014 1924 in
1032 1840 1160 1952 galeas
1181 1841 1333 1926 intravit
1357 1852 1395 1926 et
1421 1839 1574 1951 navigio
1597 1837 1760 1949 perrexit
1780 1836 1820 1917 in
1842 1861 1909 1918 re-

504 1993 638 2076 gnam.
661 1970 831 2056 chronic.
853 1977 899 2056 de
918 1975 995 2056 reb.
1016 1973 1058 2056 io
1074 1975 1164 2058 teat.
1187 1975 1316 2084 pestis,
1340 2001 1379 2084 p.
1402 1975 1494 2056 219.

394 2636 417 2670 ¹³
440 2634 461 2664 ⁰·
554 2637 784 2746 Fridericus,
816 2637 1076 2725 Romanomm
1108 2641 1332 2749 imperator,
1359 2663 1430 2747 pro
1462 2637 1581 2748 gratis
1616 2635 1776 2721 servitiis
1806 2661 1906 2746 quae

501 2771 575 2857 sibi
609 2771 768 2856 Ubertus
804 2773 973 2856 marchio
1017 2771 1252 2856 Pelavieinus
1290 2771 1499 2881 praestitit,
1534 2770 1658 2854 eidem
1693 2768 1905 2854 marchioni

501 2906 621 2989 multa
648 2917 773 2990 metra
797 2906 838 2988 in
864 2906 1140 3016 episcopatibus
1172 2907 1347 3012 Parmae,
1376 2905 1588 2990 Placentiae
1623 2913 1661 2988 ct
1696 2905 1904 2988 Cremonae

501 3038 590 3147 sita,
611 3064 701 3123 oum
719 3039 942 3148 appenditiis
960 3065 1093 3124 eorum
1110 3048 1148 3122 et
1166 3039 1252 3150 jare
1276 3038 1450 3148 exigendi
1475 3037 1637 3149 pedagia
1660 3063 1728 3146 per
1756 3038 1901 3121 Padum

501 3196 647 3256 necnon
669 3197 758 3256 oum
781 3175 899 3256 mixto
923 3184 962 3256 et
987 3199 1093 3256 mero
1116 3171 1275 3282 imperio
1300 3183 1338 3256 ct
1362 3170 1480 3282 gladii
1504 3181 1707 3281 potestate,
1732 3169 1903 3255 coneedit

499 3314 538 3389 et
551 3305 770 3414 confirmat,
790 3331 868 3391 non
894 3305 1068 3390 obstante
1089 3305 1219 3416 aliquo
1243 3307 1393 3391 decreto
1414 3305 1677 3416 praesentibus
1694 3305 1897 3390 contrario.

580 3595 682 3677 (adt.
696 3595 791 3673 Arre,
805 3595 887 3660 sor.
901 3595 933 3660 dt·
944 3596 1069 3677 Parme,
1087 3603 1161 3659 tom.
1176 3595 1232 3674 111,
1246 3615 1277 3676 p.
1295 3604 1364 3676 tat,
1379 3599 1410 3660 tn
1424 3597 1551 3678 append.
1566 3595 1834 3675 documentorum.)

545 3837 730 3912 Faderieus
757 3838 876 3913 divina
905 3841 1044 3914 lavante
1069 3839 1252 3912 elementia
1285 3840 1520 3913 Romanomm
1547 3839 1736 3936 imperator
1764 3859 1901 3936 semper

498 3971 684 4056 augustus,
705 3963 929 4060 Hyamsalem
951 3973 986 4037 et
999 3963 1114 4036 Sicilie
1130 3985 1207 4037 rex.
1229 3963 1374 4036 Romani
1394 3963 1530 4059 imperii
1547 3985 1631 4038 eura
1651 3963 1752 4036 nobis
1773 3964 1900 4038 tradita

498 4087 561 4161 Dei
579 4087 690 4181 gratia
709 4085 776 4162 hoe
796 4087 887 4160 inter
904 4087 972 4162 alia
991 4089 1143 4186 postulat
1157 4097 1197 4162 ut
1211 4085 1427 4160 liberalitatis
1442 4095 1562 4161 nostre
1580 4087 1694 4160 sinum
1711 4089 1899 4182 oculosque

533 4344 571 4419 (t)
589 4343 637 4403 vn
646 4343 770 4404 calendas
781 4342 843 4403 mail
856 4344 901 4418 (25
912 4344 1024 4419 aprelis),
1039 4349 1157 4404 castrum
1170 4343 1204 4402 da
1213 4342 1324 4419 Capraria
1341 4349 1450 4418 captant
1463 4349 1513 4416 est,
1527 4343 1599 4404 sient
1612 4359 1661 4402 nos
1670 4350 1761 4404 monet
1769 4343 1896 4404 ottones.

496 4439 608 4500 Sortem.
623 4456 668 4516 ap.
680 4441 804 4514 onmia,
819 4441 985 4514 Documenta,
998 4460 1027 4518 p.
1041 4445 1104 4500 tta.

533 4537 570 4610 (tl
588 4538 641 4598 Uni
655 4545 746 4598 tamen
764 4554 797 4599 ax
814 4538 948 4599 nobilibus
959 4540 1133 4612 Florentinis,
1148 4538 1378 4599 seilicetltiniario
1392 4539 1508 4614 Zingano
1519 4539 1763 4612 Bondelmontiom,
1779 4539 1899 4597 Frideri·

496 4635 715 4710 onttpepareit,
728 4637 776 4710 qut
788 4643 875 4696 maren
887 4637 1026 4695 oculorum
1040 4637 1141 4695 lumina
1153 4637 1265 4695 orbatas
1273 4637 1302 4694 in
1315 4638 1476 4695 monasterio
1485 4636 1587 4696 tnmlae
1600 4639 1697 4696 Montis
1707 4637 1804 4696 Christi
1816 4636 1898 4696 vitam

497 4730 593 4791 finivit.
608 4729 648 4791 Cl.
661 4732 734 4792 llice.
750 4734 900 4809 Malespini‚
913 4750 959 4808 ap.
968 4735 1125 4804 Memnon,
1135 4733 1283 4807 strom,
1298 4740 1319 4792 t.
1335 4733 1405 4805 vttt,
1419 4751 1448 4808 p.
1463 4735 1525 4792 97⁰.
