4306 5914
518 641 581 705 aaa
1021 648 1239 717 rainsnrcr
1262 649 1438 717 sacuam
1742 653 1826 735 [sn.
1845 657 1932 721 msa.

517 906 692 1000 pertinere
709 906 844 980 dicatur
856 919 892 981 et
908 908 969 982 diu
987 912 1077 985 sicut
1088 915 1323 987 intelleximus
1339 924 1453 988 castro
1467 915 1544 1011 ipso
1559 915 1665 987 luerit
1680 916 1804 989 eadem
1827 917 1937 992 eccle-

519 1030 569 1102 sia
584 1049 761 1126 perrogas
774 1033 889 1108 Sicilie
902 1035 963 1129 qui
977 1037 1119 1110 luerunt
1133 1059 1198 1134 pro
1215 1047 1371 1136 tempore
1385 1039 1639 1138 destituta,nos
1653 1037 1810 1131 ejusdem
1829 1041 1936 1146 eccle

519 1161 568 1234 sie
585 1157 828 1255 indempnitati
848 1179 953 1256 super
968 1160 1035 1234 hoe
1050 1173 1196 1257 paterna
1211 1164 1370 1236 volentes
1385 1161 1618 1235 sollicitudine
1636 1163 1839 1258 providere,
1868 1165 1936 1238 tuis

517 1282 829 1380 supplicationibus
843 1283 1013 1377 inclinati,
1031 1287 1205 1382 prelatum
1222 1296 1375 1360 castrum
1390 1287 1641 1361 cumomnibus
1652 1287 1807 1381 juribus,
1824 1283 1936 1364 bono

518 1407 614 1482 ribus
637 1417 673 1480 et
700 1408 917 1504 pertinentiis
938 1410 1028 1501 suis,
1051 1430 1123 1483 non
1150 1412 1311 1484 obstante
1331 1411 1428 1505 quod
1451 1411 1537 1483 illud
1557 1411 1651 1483 idem
1672 1429 1774 1504 reges
1792 1429 1855 1484 seu
1876 1413 1936 1486 alli

518 1527 649 1606 diutius
676 1541 864 1605 tenuerunt
885 1543 922 1605 et
943 1533 1040 1626 quod
1065 1535 1267 1608 Fredericus
1289 1535 1465 1629 quondam
1490 1533 1725 1608 Romanorum
1749 1536 1937 1632 imperator

519 1659 633 1752 ipsum
659 1657 699 1730 G.
722 1657 886 1730 Francico
908 1658 1054 1730 contulit
1076 1659 1165 1730 sient
1188 1660 1311 1752 fertur,
1339 1659 1486 1732 ecclesie
1507 1659 1663 1754 predicte
1685 1679 1765 1732 cum
1787 1679 1936 1755 regnum

519 1782 633 1854 Sicilie
650 1804 731 1876 rege
752 1803 846 1853 nunc
864 1791 994 1872 careat,
1011 1782 1167 1876 plenarie
1185 1783 1411 1874 restituimus,
1428 1792 1464 1855 et
1478 1790 1519 1854 ut
1534 1781 1610 1879 ipsa
1630 1784 1776 1856 ecclesia
1796 1803 1840 1856 eo
1858 1805 1935 1858 ma·

514 1907 584 2002 jori
599 1927 680 1998 erga
702 1906 827 1978 Sedem
846 1905 1082 2000 apostolicam
1097 1906 1283 1980 devotione
1298 1917 1431 1978 crescet
1453 1928 1525 1999 quo
1544 1906 1823 1980 favorabiliorem
1839 1908 1935 1980 illam

518 2030 583 2102 sibi
607 2030 754 2102 senserit
774 2030 810 2100 in
827 2029 895 2101 bac
911 2039 1023 2124 parte,
1043 2030 1172 2102 dictum
1195 2039 1347 2102 castrum
1364 2029 1396 2101 ei
1412 2028 1457 2102 de
1476 2050 1568 2103 novo
1584 2052 1632 2101 ex
1644 2031 1753 2124 gratia
1770 2031 1934 2104 conoedi·

518 2177 596 2227 mus
606 2153 760 2250 speciali,
772 2154 882 2225 tibiut
893 2154 928 2224 in
937 2154 1046 2248 ipsius
1060 2153 1164 2226 castri
1176 2153 1442 2250 possessionem,
1460 2176 1566 2247 quam
1580 2155 1693 2250 primo
1705 2177 1743 2228 se
1754 2155 1816 2228 tibi
1830 2177 1937 2252 super

518 2279 586 2351 boc
616 2278 763 2351 facultas
790 2278 968 2368 obtulerit,
994 2277 1102 2350 libere
1132 2277 1268 2371 ingredi
1297 2279 1417 2350 valeas
1441 2277 1667 2351 nihilomiuus
1696 2279 1933 2373 indulgentes,

517 2402 708 2476 dummodo
727 2402 841 2497 ipsum
861 2410 1012 2474 castrum
1032 2401 1080 2474 ad
1101 2401 1209 2473 alium
1232 2401 1373 2493 dejure
1399 2423 1471 2475 non
1493 2403 1666 2498 pertineat
1687 2403 1724 2474 in
1748 2401 1935 2478 devotione

514 2527 669 2602 Ecclesia
684 2525 940 2622 persistentem.
957 2527 1121 2598 Pretextu
1146 2535 1264 2598 autem
1294 2527 1545 2618 qu'uscumque
1568 2525 1763 2598 collationis
1789 2525 1835 2598 da
1858 2527 1936 2622 ipso

516 2663 631 2726 castro
645 2675 667 2724 a
683 2637 875 2724 memorato
891 2649 1074 2722 Fredericc
1096 2649 1206 2740 lace,
1221 2651 1385 2722 nolumus
1404 2649 1498 2721 hanc
1511 2660 1666 2722 nostram
1682 2649 1937 2724 restitutionem

517 2788 553 2850 et
566 2774 826 2849 concessionem
841 2774 1062 2868 aliquatenus
1077 2772 1252 2868 impediri.
1271 2773 1364 2844 Nulli
1381 2793 1464 2866 ergo
1480 2773 1622 2846 omnine
1637 2772 1818 2846 hominum
1831 2773 1937 2846 liccat

516 2901 608 2974 banc
631 2900 793 2996 paginam
814 2908 932 2970 nostre
955 2897 1181 2970 restitutionis
1205 2906 1240 2969 et
1260 2897 1492 2970 concessionis
1514 2897 1702 2990 infringere
1722 2898 1779 2968 vel
1797 2897 1830 2969 ei
1845 2917 1936 2969 ausu

517 3024 700 3098 temerario
716 3023 905 3113 contraire;
922 3021 951 3092 si
969 3021 1048 3114 quis
1062 3031 1179 3093 autem
1196 3019 1262 3094 boc
1278 3029 1487 3118 attemptare
1503 3020 1753 3116 presumpserit
1772 3020 1935 3112 indigna·

517 3149 647 3222 tionem
666 3146 913 3243 omnipotentis
928 3144 992 3218 Dei
1009 3153 1044 3218 et
1059 3143 1242 3218 beatorum
1262 3143 1354 3217 Petri
1373 3155 1410 3218 et
1428 3143 1525 3217 Pauli
1547 3145 1784 3242 apostolorum
1801 3145 1878 3238 ejus
1896 3167 1935 3218 se

488 3291 495 3302 ·
517 3273 654 3347 noverit
669 3273 902 3343 incursurum.

565 3400 695 3471 Datum
707 3393 881 3490 Lugduni,
894 3392 1052 3466 kalendis
1064 3392 1283 3488 septembris,
1300 3390 1521 3488 pontificatus
1535 3391 1645 3465 nostri
1661 3413 1754 3465 anno
1767 3400 1880 3466 sexto.

1251 3713 1724 3730 W

569 4023 802 4132 Fridcricus,
827 4023 1087 4106 Romanorum
1110 4021 1335 4130 imperator,
1365 4017 1540 4128 potestati
1570 4018 1743 4128 Papiensi
1772 4017 1932 4122 mandat

517 4171 560 4244 ut
596 4183 709 4268 super
744 4156 1005 4242 recollectione
1041 4154 1229 4238 tertiarme
1260 4162 1513 4262 proventuum
1549 4151 1771 4235 monasterii
1803 4152 1932 4236 Sancti

516 4291 724 4376 deatoris
755 4291 804 4372 de
829 4289 946 4398 Papia
971 4288 1139 4398 aliquem
1167 4287 1348 4371 idoneum
1369 4294 1532 4392 statuat,
1555 4309 1622 4394 per
1649 4311 1764 4394 quem
1789 4285 1929 4370 domus

516 4425 637 4535 ipsius
655 4419 875 4506 monasterii
892 4445 993 4530 quae
1009 4419 1248 4529 reparatione
1265 4418 1458 4529 indigent,
1477 4427 1715 4526 reparentur.

599 4665 723 4745 (lnedlt.
737 4681 776 4725 ex
794 4665 878 4742 copta
894 4661 1030 4724 authent.
1045 4661 1082 4722 ds
1095 4675 1174 4722 anuo
1192 4668 1268 4721 lata
1285 4662 1317 4720 lu
1335 4658 1456 4722 nomm
1469 4658 1649 4735 bledlolan„
1664 4675 1755 4738 quum
1774 4657 1930 4720 nobiscum

635 4769 793 4831 liberalltcr
805 4768 1037 4830 communicavit
1049 4765 1079 4828 J.
1095 4765 1131 4828 F.
1146 4761 1351 4844 Boebmerus.)
