4318 5904
707 569 836 628 luunt
861 567 1206 630 uocuuuuioituti.
1607 577 1670 640 973

252 773 391 895 Q

679 897 797 973 recipit,
813 898 898 973 61666
913 896 1047 956 concedit
1059 899 1090 956 in
1108 897 1228 958 16661666
1241 906 1371 960 castrum
1378 901 1519 977 Verruae,
1534 903 1670 980 episcopo

677 993 857 1052 vercellensi
870 996 921 1070 661
935 992 1009 1052 iliud
1021 991 1171 1052 detinebat
1183 993 1326 1056 ablatum.
1610 1008 1667 1061 616

255 1091 390 1154 decemb.
439 1093 590 1156 Vercellis.
638 1124 680 1135 -
698 1090 805 1151 Comitl
830 1089 988 1150 Thomasio
1012 1091 1049 1150 dc
1070 1091 1219 1152 Sabnudla
1245 1094 1359 1171 imperil
1379 1110 1398 1155 a
1420 1095 1512 1171 Papia
1536 1099 1670 1172 superius

678 1186 807 1264 genardi
825 1189 935 1247 vicano
948 1192 979 1247 et
994 1186 1169 1248 haeredibus
1183 1190 1247 1265 ejus
1265 1190 1407 1268 pedagia,
1427 1192 1535 1269 regnlle
1552 1199 1583 1252 et
1601 1209 1668 1270 pas·

680 1300 736 1345 cua
752 1287 851 1345 omnia
868 1291 962 1345 terrae
976 1301 1067 1361 qnam
1087 1285 1177 1346 babet
1193 1289 1225 1346 16
1247 1289 1389 1349 comitatu
1408 1288 1571 1350 Sabaudlae
1589 1296 1619 1350 at
1638 1293 1669 1350 in

678 1379 811 1456 partibus
826 1379 1181 1458 Pedemontls,concedlt.
1611 1395 1670 1447 614

256 1477 390 1538 decemb.
437 1478 591 1542 Vercellis.
640 1507 679 1521 ·-
699 1475 1383 1541 (1666161Τ16666661666666666166666661161
1399 1481 1565 1559 recolligere
1578 1485 1671 1560 possit

678 1577 803 1653 propriis
820 1576 957 1636 manibus
975 1592 1078 1636 omnes
1097 1593 1241 1653 expensas
1257 1578 1313 1639 sibl
1335 1577 1539 1640 incumbentes
1557 1582 1670 1640 ratione

677 1673 827 1733 custodiae
843 1680 874 1733 et
886 1675 1019 1733 tuitionis
1033 1678 1177 1734 terrarum
1190 1690 1326 1752 suarum,
1343 1681 1402 1736 etc.
1612 1685 1670 1737 616

280 1766 370 1843 [circe
408 1813 580 1833 ......
611 1799 673 1830 .-
696 1768 856 1843 Capitaneo
881 1770 1054 1831 Taurlnensi
1077 1770 1199 1830 mandat
1216 1777 1250 1831 ut
1269 1774 1359 1848 juxta
1384 1773 1515 1847 priorum
1538 1779 1671 1834 tenorem

283 1861 363 1945 dec]
677 1865 856 1940 litterarum,
874 1865 1019 1941 quosdam
1040 1869 1173 1942 captivos
1194 1885 1247 1944 pro
1261 1867 1369 1944 qulbus
1383 1884 1481 1928 comcs
1494 1869 1672 1930 Tbomaslus

678 1960 715 2020 de
726 1960 874 2021 sabaudia
886 1962 943 2021 sibl
958 1963 1151 2038 suppinavit,
1166 1963 1288 2023 liberere
1301 1980 1360 2024 666
1374 1967 1500 2025 66611666.
1611 1974 1669 2027 616

282 2053 369 2133 [anuo
408 2103 578 2124 ......
614 2087 679 2124 .-
698 2056 838 2118 Concedit
859 2065 890 2117 et
906 2057 1062 2118 confirmat
1079 2057 1114 2119 B.
1139 2059 1176 2119 de
1197 2059 1336 2120 Vercellis
1358 2061 1502 2138 quaedam
1527 2061 1605 2122 bona
1627 2062 1670 2123 ibi

255 2154 394 2230 exeunt]
678 2172 814 2232 expressa
827 2172 904 2232 quae
921 2155 1026 2216 Petrus
1042 2153 1193 2216 Blcherius
1211 2163 1241 2216 et
1257 2158 1308 2217 alii
1330 2159 1438 2218 milltes
1458 2160 1561 2219 statuti
1582 2176 1671 2236 super

678 2251 887 2312 distribuendis
900 2251 985 2312 bonis
997 2251 1228 2314 vercellensium
1242 2253 1445 2332 proditorum,
1456 2255 1552 2315 eidem
1571 2255 1670 2316 danda

678 2347 878 2423 providerant.
1606 2360 1669 2413 666

278 2436 368 2520 [6666
408 2493 621 2513 ,,,,,,,
639 2474 677 2490 -
697 2443 819 2503 Vntecio
834 2443 1011 2504 Graeoomm
1029 2445 1197 2520 imperatori
1209 2445 1325 2504 nuntiet
1343 2445 1493 2521 quomodo
1506 2447 1670 2507 secerdotes

258 2539 391 2614 exeunt]
677 2544 823 2604 Ecclesiae
842 2545 1029 2604 occidentalis
1047 2562 1107 2604 non
1125 2546 1221 2605 scium
1240 2547 1271 2604 ln
1290 2545 1519 2605 destructionem
1536 2549 1669 2608 emulum

677 2644 859 2720 principum,
874 2641 925 2702 sed
942 2644 1030 2701 etiem
1043 2644 1075 2701 ln
1094 2658 1165 2702 suae
1184 2643 1262 2702 vitae
1279 2641 1467 2720 naufragium
1485 2645 1667 2719 conspirent,

676 2738 810 2798 felicitati
827 2738 1013 2798 orientalium
1038 2743 1216 2814 potestatum
1236 2738 1374 2798 invidens
1395 2754 1471 2815 quae
1487 2739 1562 2798 tales
1581 2739 1667 2799 adin-

676 2839 828 2896 tentiones
843 2853 904 2895 non
919 2841 1067 2895 verentur.
1609 2844 1667 2897 666

259 2923 375 2994 januar.
453 2918 570 2996 piphl-
635 2963 675 2977 -
696 2933 908 2993 Commnnlteti
927 2934 1103 3007 piscatorum
1122 2931 1159 2991 da
1177 2931 1268 3008 Papia
1284 2932 1432 2992 licentiam
1449 2931 1583 2992 concedit
1601 2934 1668 3008 pis,-

675 3030 764 3088 candl
783 3031 813 3088 in
831 3027 1004 3089 ilumlnlbns
1021 3029 1117 3088 Ticini
1133 3034 1163 3087 et
1179 3027 1252 3088 Padi
1270 3034 1299 3087 et
1317 3030 1348 3087 in
1365 3028 1503 3088 omnibus
1522 3028 1668 3088 Lombar·

675 3127 740 3186 diac
748 3129 845 3201 aquis,
854 3126 909 3186 sub
920 3125 1086 3185 conditione
1096 3127 1297 3201 praestationis
1305 3127 1429 3201 piscium
1439 3125 1558 3202 quando
1568 3126 1668 3202 ipsum

676 3239 729 3299 per
744 3222 908 3281 districtum
921 3221 1029 3298 Papiae
1047 3223 1170 3281 transire
1189 3223 1351 3298 continget.
1608 3231 1665 3283 661

268 3331 302 3382 16
311 3325 376 3400 jan.
453 3319 569 3397 Papiae.
638 3353 675 3364 -
696 3319 858 3378 Martiarum
872 3316 1133 3394 Santeplpbnnlum
1152 3333 1203 3393 per
1222 3317 1361 3377 baculum
1378 3315 1476 3378 officio
1495 3320 1601 3378 notarii
1617 3321 1665 3378 in·

675 3419 763 3476 vestit
780 3432 848 3476 cum
863 3419 1008 3493 potestate
1026 3413 1201 3474 condolendi
1214 3416 1410 3475 1666666616
1425 3432 1478 3493 per
1490 3421 1586 3476 totum
1604 3418 1668 3478 lm-

674 3517 799 3590 perlum.
1469 3521 1538 3587 666,
1555 3521 1617 3573 661.
1635 3522 1663 3574 1.

265 3610 371 3692 taJen.
449 3609 568 3687 Papiae.
635 3644 673 3655 -
695 3610 851 3670 Maniredo
867 3609 1029 3669 marchioni
1047 3609 1172 3668 Lenclae
1188 3625 1207 3668 a
1221 3609 1312 3685 Papia
1328 3625 1422 3685 usque
1440 3610 1479 3670 ad
1493 3609 1565 3670 liste
1582 3613 1667 3686 capi·

673 3715 760 3768 tanao
773 3707 894 3767 mandat
907 3705 987 3783 quod
1001 3705 1158 3780 Paplenses
1173 3711 1260 3782 cogat
1278 3705 1316 3764 ad
1331 3707 1545 3766 restituendum
1567 3707 1666 3782 quod·

253 2788 389 2911 Q

673 3805 741 3866 dam
755 3812 871 3882 pratum
885 3803 983 3863 abbati
994 3802 1093 3862 Sancti
1106 3803 1185 3862 Petri
1199 3803 1231 3862 16
1244 3803 1331 3865 Coelo
1340 3807 1450 3863 Aureo.
1474 3811 1544 3880 666,
1555 3809 1618 3862 661.
1634 3813 1665 3863 1.

258 3909 375 3979 januar.
426 3904 596 3969 Cremonne.
634 3935 674 3948 -
694 3903 854 3962 Confirmat
876 3900 1061 3978 privilegium
1083 3901 1223 3960 Frlderici
1248 3901 1397 3977 quondam
1420 3901 1559 3959 Austrlne
1579 3900 1663 3960 ducis

673 4000 775 4060 datum
800 4007 832 4058 16
846 3998 915 4076 Julll
941 4007 1032 4069 1646,
1051 4014 1112 4073 666
1127 3997 1189 4056 dux
1206 3999 1260 4056 iste
1273 3997 1413 4057 ccclesiae
1428 3997 1460 4057 S.
1484 3996 1565 4057 Petri
1584 3997 1664 4056 ultra
1730 4043 1733 4053 .

672 4095 862 4156 Judcnburch
876 4094 1024 4170 quoddam
1041 4096 1118 4153 ovile
1133 4109 1220 4153 suurn
1240 4093 1414 4152 donaverat
1604 4099 1662 4151 666

250 4190 377 4253 februar·
426 4193 593 4258 Cremonae
634 4225 674 4238 -
693 4193 817 4254 Pactum
836 4191 1062 4267 confirmatque
1079 4191 1214 4250 homines
1231 4190 1268 4248 de
1282 4188 1378 4249 casali
1396 4189 1496 4258 Sancti
1514 4189 1613 4248 Evasll
1633 4196 1663 4250 et

672 4293 805 4352 bomines
832 4292 869 4350 de
891 4291 1039 4351 Paciliano
1062 4291 1092 4349 in
1116 4305 1206 4349 unam
1227 4290 1449 4349 universitatem
1472 4288 1661 4365 rediguntur,

669 4389 813 4467 jubetque
830 4406 868 4448 ne
882 4390 1027 4464 capitanei
1041 4389 1087 4447 sul
1105 4388 1155 4462 661
1170 4403 1223 4462 pro
1237 4393 1366 4461 ternpore
1384 4385 1463 4462 apud
1477 4384 1580 4446 Caaele
1598 4381 1663 4444 luc·

672 4489 748 4560 rlnt,
772 4487 863 4547 uliam
886 4488 962 4545 inter
985 4490 1144 4561 utrumque
1167 4499 1322 4542 commune
1340 4483 1559 4543 distinctionem
1575 4481 1663 4541 adbi-

672 4584 772 4642 beant.
1603 4583 1663 4637 661

250 4685 288 4736 66
312 4675 386 4737 iebr.
425 4675 593 4739 Cremonae.
632 4712 672 4725 -
692 4683 853 4756 Postquam
871 4680 909 4739 ad
932 4661 1018 4739 suum
1033 4678 1196 4739 dominium
1210 4681 1320 4736 666666
1334 4675 1490 4737 corilionis
1504 4689 1663 4736 revocave-

329 4782 382 4845 VI.
402 4799 458 4842 Per·
470 4803 492 4845 2.
712 4829 718 4840 .
1443 4791 1500 4844 123
