4306 5914
73 663 77 670 '
198 661 301 722 fantur.
317 659 367 739 6.]
642 657 838 719 HISTORIA
863 653 1160 719 otetouartca
1546 647 1608 708 633

201 794 286 868 dum
305 795 342 865 in
364 793 486 866 castris
507 802 589 865 ante
609 793 766 864 Parmam
775 791 838 889 (a),
858 792 893 862 in
914 789 1182 886 depopulatione
1206 795 1401 858 nostrorum
1425 780 1607 854 rebellium

201 925 271 990 um
285 927 447 1014 potenter
462 937 568 1010 quarn
588 916 732 988 feliciter
749 937 977 1007 moraremur,
994 914 1039 986 de
1055 914 1163 1009 ipsius
1180 911 1246 983 loci
1262 908 1367 982 celeri
1383 905 1608 1000 occupatione

201 1040 330 1130 securi,
345 1039 388 1112 U.
407 1039 616 1112 marchionis
639 1040 824 1112 Palavicini
845 1038 957 1111 fidelis
977 1037 1104 1126 nostri,
1125 1036 1184 1128 qui
1204 1031 1432 1106 constantiam
1454 1039 1609 1101 nostram

201 1163 319 1256 aliquo
333 1165 439 1238 modo
453 1185 523 1236 non
538 1163 686 1254 falleret,
697 1164 893 1258 accepimus
906 1163 1022 1234 literas
1039 1161 1255 1233 continentes
1269 1155 1363 1249 quod
1376 1154 1610 1228 Mediolanen-

202 1307 256 1358 ses
275 1287 385 1359 nostri
401 1286 548 1359 rebelles
564 1307 644 1358 cnm
664 1286 870 1358 Placentinis
890 1307 1012 1358 eorum
1032 1283 1239 1378 sequacibus
1258 1301 1321 1375 pro
1339 1301 1504 1352 succursu
1526 1278 1608 1348 Par·

201 1411 374 1484 mensium
395 1410 612 1505 proditorum
635 1419 851 1500 nostrorum,
874 1431 1022 1504 quorum
1046 1405 1289 1481 desiderabilia
1311 1413 1430 1476 noster
1451 1401 1611 1474 vastabat

201 1533 292 1626 ignis
307 1543 343 1606 et
357 1534 508 1626 gladius,
525 1543 687 1628 potenter
699 1543 869 1605 venerant
883 1534 1117 1605 Florensolam
1137 1553 1146 1596 τ
1165 1529 1306 1601 immani
1323 1549 1361 1600 se
1377 1547 1463 1598 voce
1473 1527 1610 1617 jactan-

202 1667 254 1730 tes
267 1657 365 1751 quod
380 1657 559 1730 nobiscum
575 1657 622 1729 ad
635 1677 857 1750 congressum
873 1656 993 1728 venire
1007 1653 1186 1742 volebant,
1201 1652 1395 1746 gladiorum
1412 1661 1611 1722 nostrorum

201 1781 408 1875 potentiam,
426 1802 531 1874 quam
547 1780 583 1852 in
604 1802 724 1852 necem
743 1801 861 1852 eorum
875 1779 992 1874 sepius
1013 1779 1148 1873 experti
1170 1777 1320 1868 fuerant,
1343 1796 1406 1871 per
1422 1776 1610 1848 fastuosam

201 1904 391 1998 quamdam
411 1903 610 1999 superbiam
630 1925 771 1999 prorsus
789 1904 905 1994 obliti3
927 1924 1077 1996 cumque
1095 1901 1333 1974 assistentibus
1352 1900 1454 1973 nobis
1475 1899 1610 1995 imperii

200 2027 336 2099 viribus
351 2037 387 2100 et
403 2026 552 2099 cesareis
567 2027 704 2117 animis,
722 2026 817 2120 quod
832 2025 979 2122 predicti
996 2026 1142 2097 rebelles
1163 2025 1271 2097 nostri
1291 2046 1355 2097 nos
1371 2032 1611 2120 presumerent

201 2151 361 2245 aggredi,
377 2151 545 2224 serenitas
556 2159 673 2222 nostra
687 2152 830 2223 duceret
844 2141 1059 2239 indecorum,
1072 2159 1112 2220 ut
1125 2149 1259 2221 etiamsi
1275 2149 1356 2220 belli
1371 2169 1472 2220 casus
1483 2146 1611 2220 incide·

202 2273 270 2361 rit,
292 2294 356 2369 per
376 2274 567 2346 eorundem
590 2274 783 2366 ingressum
803 2275 1059 2366 attingeremus,
1071 2273 1215 2345 viriliter
1230 2283 1351 2345 votum
1372 2284 1546 2364 nostrum,
1565 2272 1610 2344 de

202 2418 290 2490 quo,
305 2407 426 2469 autore
442 2398 603 2486 Domino,
620 2398 680 2491 qui
694 2407 850 2469 nostrum
868 2406 983 2469 tuetur
996 2397 1192 2492 imperium,
1211 2396 1436 2468 infallibiliter
1448 2397 1612 2493 speraba-

202 2541 302 2609 mus,
318 2519 430 2592 altiori
454 2520 551 2592 ducti
571 2519 731 2611 consilio,
750 2517 874 2592 definis
891 2520 1012 2592 castris
1027 2521 1170 2612 nostris,
1187 2520 1332 2592 feliciter
1345 2521 1498 2592 victricia
1512 2521 1612 2614 signa

201 2653 322 2716 nostra
345 2643 537 2716 direximus
559 2653 680 2715 contra
699 2644 811 2739 ipsos,
828 2644 886 2715 die
904 2645 985 2716 lune
1004 2645 1066 2716 XV
1085 2644 1256 2740 presentis
1275 2645 1402 2716 mensis
1419 2645 1510 2737 junii
1530 2655 1611 2717 anto

202 2763 439 2840 Florensolam
455 2767 516 2839 ubi
531 2767 577 2839 ad
593 2767 780 2862 perniciem
798 2767 950 2862 ipsorum
968 2789 1028 2839 eos
1040 2768 1242 2840 convenisse
1257 2768 1453 2859 didicimus,
1467 2767 1613 2862 figentes

204 2891 319 2964 felicia
333 2899 446 2963 castra
463 2899 594 2963 nostra.
613 2890 715 2978 Quod
728 2912 807 2962 cum
822 2891 905 2986 ipsis
923 2891 1085 2983 innotuit,
1104 2892 1201 2984 signa
1220 2902 1337 2964 nostra
1354 2893 1525 2987 respicere
1536 2914 1613 2983 ‚non

204 3015 389 3106 audentes,
407 3015 521 3087 locum
538 3015 652 3110 ipsum
666 3014 711 3086 dc
725 3025 829 3086 nocte
843 3035 915 3086 non
931 3015 1005 3086 sine
1023 3015 1144 3086 timore
1161 3015 1314 3088 maximo
1330 3015 1548 3107 dimiserunt,
1564 3015 1614 3089 sic

204 3139 241 3212 in
254 3140 376 3230 fugam
390 3139 549 3211 conversi
562 3148 603 3209 nt
615 3159 823 3210 evanescere
836 3160 940 3232 quam
956 3139 1075 3230 fugere
1088 3140 1201 3233 potius
1211 3139 1424 3211 viderentur.
1437 3141 1509 3212 Hoc
1524 3141 1613 3212 inte·

206 3264 271 3336 rim
285 3263 333 3336 ad
345 3261 513 3356 gaudium
530 3261 590 3333 tibi
606 3259 799 3354 significare
815 3261 1025 3352 curavimus3
1042 3271 1079 3333 tu
1090 3283 1175 3335 vero
1189 3262 1257 3335 illis
1270 3263 1440 3336 universis
1454 3261 1614 3336 fidelibus

207 3389 360 3484 ipsarum
372 3386 523 3483 partium
538 3386 679 3458 studeas
694 3385 884 3482 publicare.

262 3965 499 4074 fridericus,
526 3965 785 4051 Romanorum
812 3968 1031 4078 imperator,
1060 3971 1288 4080 regratiatur
1316 3972 1469 4056 cuidam
1501 4001 1615 4060 oom-
1678 3993 1796 4100 effi,

212 4098 387 4181 munitati
406 4100 454 4182 de
475 4099 604 4182 oblata
621 4099 693 4182 sibi
717 4100 896 4210 pecunia,
917 4112 955 4184 et
977 4102 1058 4186 vult
1077 4103 1182 4212 quod
1209 4104 1247 4184 in
1272 4104 1428 4188 collecta
1451 4109 1618 4217 generali

211 4229 265 4312 eis
282 4230 461 4341 imposita
478 4232 732 4316 haecoblatio
751 4243 1004 4342 computetur.

290 4417 389 4524 (nura.
405 4423 437 4482 ru
449 4420 535 4482 reret
546 4419 581 4482 a
601 4421 668 4483 rte.
686 4421 1124 4502 epet,trb.111,cap.ux11.)

261 4579 381 4675 Nuper
402 4582 448 4654 ad
468 4583 680 4655 audientiam
702 4592 856 4654 nostram
878 4584 919 4655 R.
939 4583 1072 4655 comitis
1092 4584 1286 4676 Casertani,
1304 4585 1422 4659 dilecti
1443 4593 1564 4682 generi
1588 4607 1623 4667 et

258 4741 297 4822 (a)
316 4743 352 4805 ln
366 4745 509 4822 impresso
521 4745 704 4826 Fauentiam,
718 4746 806 4808 male.
