4318 5904
793 555 1107 619 tentabundus.

300 1087 464 1172 Nomina
484 1086 742 1196 quorumdam
765 1083 955 1169 baronum
977 1110 1142 1195 quorum
1161 1095 1284 1168 castra
1307 1085 1458 1170 fuerent
1481 1087 1653 1171 infisceta
1680 1097 1858 1151 [anama]

247 1245 317 1330 pro
335 1245 467 1303 eorum
492 1216 699 1302 rebellione
723 1220 761 1298 in
777 1217 1010 1301 Fridericum
1028 1218 1316 1327 imperatorem,
1336 1231 1505 1329 tempore
1522 1246 1651 1329 expu.

247 1353 439 1463 guntionis
468 1352 653 1462 Capaccii.

330 1593 432 1676 (eno.
448 1611 488 1655 ns
507 1592 741 1671 strar-omer,
755 1593 831 1654 nor.
849 1589 884 1652 de
900 1589 1019 1653 Glorior
1031 1589 1171 1674 ddnjw,
1187 1599 1211 1654 t.
1227 1593 1281 1666 IV,
1294 1611 1325 1672 p.
1343 1602 1413 1669 tlt,
1429 1594 1580 1674 Append.)

296 1811 540 1883 Notamentum
563 1829 609 1879 ex
631 1807 784 1880 archivio
802 1807 898 1900 regio
918 1808 1072 1896 Siciliae,
1088 1808 1243 1881 Caesaris
1255 1808 1382 1901 Pagani
1397 1831 1442 1881 ex
1456 1810 1590 1901 littera,
1608 1833 1654 1883 ex

250 1935 337 2007 libro
352 1933 611 2028 inquisitionum
626 1932 736 2005 Caroli
750 1932 852 2027 primi
867 1953 929 2026 pro
943 1931 1143 2003 feudatariis
1158 1933 1257 2024 regni
1271 1931 1302 2028 <t
1311 1933 1410 2028 269),
1428 1933 1657 2028 apudlohan·

249 2081 330 2130 nem
347 2058 392 2130 de
407 2055 539 2145 Florio,
553 2055 785 2128 archivarium
801 2055 917 2148 regiae
933 2077 1110 2144 camerae,
1128 2077 1191 2150 pro
1208 2056 1396 2128 rebellione
1413 2057 1611 2152 Cepudacii.

298 2305 444 2377 Domino
465 2304 600 2397 ligerio
618 2305 801 2378 Caraczulo
821 2314 857 2376 et
878 2303 982 2374 uxori
1002 2325 1064 2374 sue
1083 2303 1148 2374 luit
1170 2303 1365 2376 restitutum
1381 2325 1400 2375 a
1418 2305 1559 2378 domino
1574 2328 1656 2399 rege

249 2438 402 2501 castrum
419 2427 568 2516 Pissote,
590 2426 685 2518 quod
705 2425 771 2498 luit
793 2425 970 2520 quondam
986 2425 1217 2498 Bartholomei
1235 2426 1280 2498 de
1293 2425 1425 2518 Alicio,
1441 2429 1548 2523 petris
1563 2430 1656 2502 dicte

249 2551 371 2623 uxoris
396 2572 458 2622 sue
475 2572 484 2613 τ
510 2550 570 2644 qui
594 2549 857 2622 bartholomeus
883 2551 947 2622 luit
963 2552 1044 2622 exul
1060 2561 1203 2646 tempore
1220 2550 1408 2622 rebellionis
1424 2553 1609 2646 Capadocii
1621 2562 1657 2626 et

251 2676 317 2748 luit
343 2675 510 2770 spoliatus
536 2675 581 2746 ab
603 2675 812 2769 imperatore
839 2673 1033 2763 Friderico,
1059 2683 1094 2745 et
1114 2674 1448 2771 dominuspn'nceps
1466 2678 1657 2750 Manlridus

252 2799 422 2873 concessit
445 2799 558 2893 ipsum
585 2810 738 2870 castrum
764 2798 904 2870 domino
933 2798 1073 2880 Amico,
1108 2799 1207 2869 militi
1234 2799 1368 2870 comitis
1397 2800 1564 2891 Galloni,
1595 2801 1656 2895 qui

252 2925 363 2997 tenuit
379 2923 540 2996 eumdem
559 2919 636 3018 (ric)
652 2932 802 2994 castrum
817 2943 928 3014 usque
943 2921 989 2993 ad
1002 2921 1193 2993 adventum
1209 2922 1292 2995 dicti
1304 2922 1434 2995 domini
1449 2924 1553 3017 regis.

299 3047 445 3120 Domino
460 3047 606 3118 Henrico
619 3045 663 3118 de
680 3043 843 3118 Taurasio
857 3045 922 3116 luit
935 3045 1131 3117 restitutum
1142 3039 1343 3118 Taurasium
1354 3101 1363 3136 ,
1375 3047 1474 3118 Petra
1485 3045 1655 3136 Accarda,

252 3174 364 3246 Rocca
378 3171 494 3244 Sancti
517 3170 658 3261 Felicis,
684 3190 753 3263 qne
770 3170 930 3265 princeps
954 3170 1145 3242 Manlridus
1166 3171 1336 3242 concessit
1351 3171 1526 3266 quondam
1541 3171 1658 3245 comiti

253 3297 453 3370 camerario.
1207 3353 1210 3360 .

301 3420 431 3493 Iacobo
450 3419 495 3491 de
518 3418 687 3490 Conturso
701 3430 737 3489 et
753 3418 915 3490 tratribus
929 3416 1060 3490 domini
1077 3417 1225 3513 Philippi
1241 3417 1462 3492 deConturso
1481 3419 1545 3490 luit
1558 3420 1659 3492 resti·

256 3553 328 3617 tuta
354 3543 521 3616 medietas
536 3543 640 3613 unius
663 3552 754 3614 terre
770 3543 878 3637 partis
893 3542 1070 3631 Contursi‚
1086 3563 1190 3635 quam
1209 3542 1319 3614 tenuit
1330 3564 1446 3615 comes
1461 3545 1656 3634 Galvanus;

254 3671 347 3741 alera
370 3689 451 3763 pars
464 3667 528 3739 luit
549 3667 706 3738 restituta
720 3666 889 3739 Pandullo
917 3719 1167 3738 .......
1174 3719 1184 3756 ,
1199 3666 1244 3739 de
1267 3687 1336 3760 qua
1358 3669 1471 3740 luerat
1494 3669 1694 3763 spoliatus*

255 3793 463 3865 aGalvano.

303 3916 425 3989 (lomiti
438 3915 586 4009 Rogerio
601 3915 645 3988 de
659 3917 786 3987 Sancto
799 3913 965 3986 Severino
976 3913 1041 3985 luit
1054 3913 1212 3985 restituta
1227 3914 1340 3986 llocca
1351 3912 1556 3986 Alenticnm
1567 3936 1663 3987 casa·

255 4043 364 4131 libus,
379 4061 484 4134 quam
498 4040 686 4136 imperator
699 4037 891 4110 fridericus
906 4037 1078 4109 concessit
1095 4036 1237 4125 domino
1253 4037 1435 4109 Guillelmo
1449 4037 1493 4110 de
1509 4039 1659 4112 villano.

304 4164 492 4237 Pandullns
516 4164 562 4237 de
584 4163 763 4234 Fasanella
790 4161 897 4233 babet
926 4160 1178 4233 restitutionem
1207 4160 1350 4232 baronie
1377 4163 1554 4234 Fasanelle
1580 4185 1661 4236 cum

254 4289 445 4378 casalibus,
463 4308 567 4381 quam
587 4295 780 4358 tenuerunt
801 4294 957 4379 tempore
982 4284 1148 4379 principis
1165 4283 1326 4355 Manlridi
1351 4284 1512 4357 dominus
1534 4285 1664 4357 Princi-

254 4414 367 4486 vallus
379 4423 414 4485 et
427 4411 589 4484 dominus
605 4411 726 4482 Petrus
739 4409 784 4482 de
796 4408 968 4482 Potentia.

303 4536 454 4608 Roberto
480 4534 525 4607 de
549 4533 693 4622 Caleno,
722 4531 793 4605 tilio
817 4531 995 4626 quondam
1019 4530 1214 4620 Guillelmi,
1241 4530 1307 4602 luit
1337 4531 1495 4604 restituta
1518 4531 1664 4606 baronia

255 4659 390 4750 Caiani3
409 4659 469 4752 qui
487 4658 664 4755 quondam
678 4657 881 4729 Guillelmus
894 4655 1033 4729 rebellis
1050 4655 1115 4727 luit
1130 4665 1272 4748 empore
1288 4655 1481 4749 Goputocii,
1502 4666 1538 4730 et
1550 4658 1664 4754 impe·

337 4782 391 4844 vl.
412 4795 501 4843 runa.
1446 4788 1504 4843 tto
