4352 5940
518 523 580 588 596
1019 517 1234 590 Falnnttlcl
1258 517 1433 580 SECUNDI
1737 524 1820 604 [Aur.
1841 526 1934 592 1248.

516 678 627 732 naves
642 676 764 731 omnes
778 655 1045 729 Mantuanorum
1060 654 1255 746 rebellium,
1273 675 1361 749 quas
1377 654 1411 726 in
1427 653 1590 728 frivolum
1602 656 1725 730 Parme
1738 661 1936 736 subsidium

517 788 785 872 magregarant,
805 777 958 874 potentie
979 787 1097 850 nostre
1117 777 1246 850 virtute
1267 777 1427 850 suffirltus
1450 787 1611 873 potenter
1633 782 1856 874 aggrediens,
1871 805 1936 860 eos

517 891 665 976 viriliter
676 901 905 999 expugnavit,
922 901 971 975 ita
989 902 1085 997 quod
1103 910 1243 974 cenum
1259 901 1304 973 de
1320 901 1468 975 navibus
1485 901 1576 974 inter
1593 924 1720 998 parvas
1737 914 1774 977 et
1787 927 1935 998 magnus

517 1028 763 1118 incastellatas,
782 1035 818 1098 et
833 1026 977 1100 trecenti
993 1024 1038 1098 de
1055 1025 1156 1099 dictis
1171 1025 1372 1116 rebellibus,
1393 1047 1481 1118 quos
1498 1025 1536 1097 in
1556 1025 1703 1098 navibus
1721 1049 1802 1124 spes
1823 1029 1935 1103 fallax

517 1151 719 1243 incluserat,
735 1159 853 1246 preter
868 1159 1066 1246 peremptos
1081 1147 1199 1242 gladio
1219 1156 1255 1221 et
1269 1168 1361 1242 aqua
1377 1147 1594 1241 submersos,
1613 1171 1763 1242 quorum
1785 1173 1858 1224 non
1878 1163 1935 1228 est

515 1296 697 1365 numerus,
714 1273 751 1345 in
766 1273 936 1370 captionis
951 1281 1072 1368 parata
1085 1273 1192 1364 retia,
1209 1294 1278 1369 que
1296 1271 1472 1345 declinare
1487 1273 1571 1365 luga
1586 1293 1658 1355 nco
1675 1274 1806 1370 potuit,
1824 1277 1932 1352 mise-

516 1399 672 1472 rabiliter
693 1397 902 1472 inciderunt.
921 1398 966 1470 Et
984 1397 1034 1470 sic
1056 1417 1176 1470 eorum
1197 1397 1314 1470 navali
1336 1397 1473 1470 sublato
1493 1395 1663 1492 presidio,
1684 1397 1821 1492 integre
1846 1399 1934 1474 Padi

515 1520 710 1596 dominium
737 1521 947 1596 obtinemus.
970 1521 1061 1594 Sane
1083 1542 1163 1594 cum
1189 1520 1226 1592 in
1254 1530 1446 1594 castrorum
1468 1531 1666 1614 nostrorum
1690 1522 1932 1598 combustione

516 1667 623 1742 quam
646 1647 817 1736 diximus,
838 1667 976 1719 camera
998 1655 1117 1720 nostra
1137 1667 1217 1718 cum
1238 1666 1345 1718 auree
1367 1645 1463 1718 bulle
1486 1645 1622 1742 typario
1645 1655 1682 1719 et
1701 1647 1801 1739 regni
1820 1649 1932 1722 noemi

516 1770 630 1864 sigillo
654 1771 790 1867 perdita
813 1780 848 1844 et
867 1769 994 1842 amissa
1013 1769 1136 1860 luerit,
1153 1778 1296 1865 propter
1314 1768 1411 1864 quod
1429 1768 1709 1843 adversariorum
1732 1780 1931 1844 nostrorum

515 1915 581 1991 per
593 1915 712 1966 casum
727 1904 798 1966 tam
812 1892 992 1967 horridum
1010 1892 1174 1966 effrenata
1191 1891 1367 1989 superbia,
1385 1914 1454 1987 que
1468 1914 1626 1966 caussam
1640 1902 1794 1966 nostram
1809 1894 1930 1968 bacte-

515 2041 582 2092 nus
600 2018 707 2092 rebus
727 2040 865 2114 semper
887 2018 1033 2091 veritate
1054 2003 1253 2090 carentibus
1273 2015 1485 2106 obfuscavit,
1505 2037 1570 2112 per
1590 2017 1716 2113 typarii
1735 2018 1872 2114 copiam
1892 2029 1930 2092 et

514 2143 630 2236 sigilli,
652 2143 780 2235 multa,
803 2141 893 2214 sicut
911 2141 1100 2233 credimus,
1117 2139 1311 2214 inhonoris
1325 2139 1435 2212 nostri
1452 2139 1673 2236 dispendium
1689 2142 1777 2214 lalsa
1793 2143 1926 2216 machi·

515 2265 655 2339 natione
679 2263 873 2358 confinget,
898 2264 1122 2338 devotionem
1150 2274 1302 2336 vestram
1332 2263 1556 2358 requirimus,
1582 2273 1618 2336 et
1644 2264 1745 2338 vobis
1771 2245 1932 2340 districte
1984 2275 1989 2286 '

514 2388 721 2462 mandamus
741 2398 914 2482 quatenus
929 2389 959 2460 si
975 2388 1211 2485 predictorum
1227 2389 1322 2462 bulle
1338 2407 1443 2460 auree
1461 2389 1519 2460 vel
1537 2387 1639 2481 sigilli
1657 2389 1791 2464 munite
1810 2390 1927 2484 signa·

514 2514 602 2587 culis
617 2513 740 2587 advos
761 2514 876 2610 alique
893 2513 993 2586 litere
1007 2512 1072 2584 sub
1086 2511 1195 2584 nostri
1210 2512 1360 2584 nominis
1376 2511 1477 2584 titulo
1496 2513 1738 2608 pervenirent,
1755 2512 1861 2588 iidem
1876 2515 1928 2588 eis

513 2637 673 2712 stabilem
693 2611 808 2711 uestra
831 2635 957 2708 mentis
979 2636 1226 2726 constantiam,
1244 2656 1325 2708 cum
1341 2633 1423 2708 fidei
1441 2635 1566 2710 robore
1584 2648 1743 2730 caream,
1760 2637 1927 2712 adhibere

513 2763 721 2856 cujusquam
738 2761 913 2853 suggestio
928 2782 999 2834 non
1016 2760 1173 2834 seducat.
1247 2815 1253 2826 .

351 3337 444 3435 ruf
566 3316 799 3426 Fridericus,
835 3314 1096 3400 Romanorum
1134 3315 1355 3425 imperatur,
1393 3328 1529 3398 notum
1567 3313 1657 3398 lacit
1689 3317 1923 3428 principibus

513 3461 551 3536 at
564 3450 749 3534 uniuersis
767 3449 944 3533 fidelibus
963 3450 1042 3532 suis
1061 3451 1256 3558 quomodo
1275 3449 1388 3531 fucrit
1405 3447 1617 3531 debellatus
1632 3450 1918 3533 anteParmam.

593 3664 689 3746 (Edlt.
702 3668 734 3727 ln
744 3664 827 3724 Petri
837 3661 872 3724 de
885 3663 951 3724 Vin.
966 3663 1063 3743 epist,
1073 3663 1125 3725 llb.
1141 3665 1181 3736 11,
1196 3680 1261 3741 cap.
1275 3663 1318 3736 Vs
1329 3679 1411 3724 nnnc
1422 3662 1490 3725 coll.
1508 3679 1577 3724 cum
1595 3661 1720 3724 eodlclb.
1732 3661 1810 3724 ltlbl.
1823 3663 1920 3724 cesar.

631 3773 739 3851 Paris,
745 3769 838 3852 sends
855 3768 1104 3832 Sciat-Gerrunio
1118 3766 1242 3850 flarlep,
1257 3779 1291 3830 n·
1304 3777 1375 3841 4⁵5,
1391 3766 1518 3849 etscrtds
1530 3771 1734 3842 Nouo-nam,
1749 3777 1783 3829 n⁹
1796 3767 1880 3847 202.)

554 3959 606 4035 Nc
619 3957 924 4054 lamapreambula
937 3957 1003 4030 sub
1014 3957 1146 4030 incerto
1160 3955 1357 4028 discurrens
1370 3956 1525 4028 animum
1537 3929 1736 4028 vestrumin
1749 3955 1921 4030 contrario

510 4093 638 4159 eventu
657 4082 824 4154 relatione
841 4081 980 4153 veritati
997 4079 1168 4152 contraria
1183 4082 1300 4152 valeat
1313 4081 1535 4175 perturbare,
1557 4081 1638 4153 iacti
1655 4080 1837 4152 veritatem
1859 4099 1923 4176 per

511 4208 671 4282 ordinem
685 4205 897 4302 presentium
916 4205 1006 4276 serie
1022 4203 1188 4276 duximus
1201 4204 1459 4276 declarandam.
1479 4204 1563 4277 Cum
1579 4204 1671 4276 enim
1685 4214 1765 4301 post
1782 4214 1921 4299 captum

512 4342 548 4405 et
562 4332 778 4404 destructum
798 4338 940 4425 pontem
966 4350 1029 4423 per
1045 4329 1251 4402 Mantuanos
1272 4337 1307 4399 ct
1326 4327 1561 4400 Ferrarienses
1583 4327 1741 4400 infideles
1763 4338 1917 4419 nostros,

510 4475 576 4550 per
589 4464 725 4526 nostros
739 4451 834 4547 apud
848 4453 1054 4546 Pergamum
1063 4448 1114 4548 (a)
1129 4474 1209 4523 cum
1231 4451 1342 4523 molto
1358 4451 1477 4526 labore
1494 4472 1537 4524 ac
1548 4451 1670 4548 ¹studio
1684 4451 1917 4542 'fabricatum

554 4627 596 4710 (a)
618 4629 667 4690 Sto
679 4630 712 4690 ln
725 4627 878 4702 omnlbus;
892 4627 1050 4706 legendum
1063 4644 1133 4690 vero
1145 4593 1401 4708 apcd‘llersellm
