4318 5904
703 607 829 669 iuuari
852 605 1197 670 uocuaaiiuoauti.
1593 600 1651 663 951

261 813 374 889 tatu

246 919 386 1023 W
408 978 615 1000 .......
630 970 670 983 -
689 933 1395 1011 Cuidamddeilsoosoribitsolngeutiexercltu
1408 929 1529 992 collecto
1543 931 1655 992 Rome·

670 1035 718 1094 uls
735 1032 845 1094 linibus
858 1035 1005 1106 insistere,
1020 1049 1141 1110 speram
1158 1045 1229 1090 mox
1245 1033 1278 1090 in
1296 1029 1464 1107 Apostolioa
1483 1026 1559 1088 Sede
1575 1029 1654 1088 anti·

670 1134 768 1190 stitam
781 1130 994 1190 instituendum
1006 1145 1068 1190 esse
1080 1131 1131 1206 qul
1143 1143 1245 1206 paoem
1257 1129 1333 1188 inter
1345 1127 1504 1188 dioclem
1517 1132 1547 1188 et
1560 1125 1654 1202 impe·

671 1228 749 1288 rium
761 1225 910 1287 reformet.
1615 1229 1652 1282 87

270 1327 366 1404 iunio.
434 1326 470 1386 Iu
483 1327 588 1386 matris
630 1355 672 1368 -
690 1323 738 1384 Ad
750 1323 989 1400 supplicationem
1002 1322 1132 1383 Latheril
1146 1321 1261 1382 abbatis
1273 1320 1372 1382 Sancti
1385 1319 1589 1382 Salvatorisde
1601 1319 1654 1379 In-

401 1424 434 1482 lu
456 1422 619 1500 depopula-
670 1421 745 1498 sula,
756 1419 1016 1499 privilegiumhulc
1025 1419 1384 1480 monastcrloablienrico
1392 1419 1565 1495 imperatore
1573 1423 1655 1494 patre

415 1519 603 1583 tlonaUrbls.
671 1525 755 1578 suoa
773 1515 899 1578 octobris
915 1523 986 1578 itti
1005 1515 1153 1577 indultum
1166 1521 1289 1576 renovat
1301 1521 1331 1575 et
1342 1511 1507 1575 confirmat.
1616 1522 1654 1574 aa

268 1615 366 1699 [lanio
403 1654 412 1675 ·
442 1659 616 1680 ......
631 1647 673 1658 -
691 1613 1011 1690 Constantinopolitano
1032 1613 1200 1689 imperatori
1223 1614 1343 1672 nuntiat
1367 1627 1398 1672 se
1419 1617 1486 1688 post
1505 1610 1655 1671 liberatio*-

248 1714 388 1799 incuntc]
672 1727 739 1772 nem
758 1711 889 1772 Oddouis
908 1709 1006 1770 Sancti
1023 1709 1135 1770 Nicolal
1154 1711 1186 1768 in
1207 1725 1321 1769 carcere
1343 1709 1479 1769 Tulliano
1500 1708 1656 1768 cardinalis

672 1808 843 1869 clementiae
868 1823 938 1868 suae
959 1807 1111 1867 cumulum
1133 1808 1323 1884 imposuisse,
1348 1808 1517 1883 episcopum
1529 1806 1654 1867 Preces·

670 1909 767 1966 tinum
784 1906 985 1968 adversarium
1001 1903 1278 1966 suumebsolvendo
1292 1910 1322 1964 ct
1333 1903 1508 1965 dimittendo
1527 1903 1565 1966 ad
1583 1921 1656 1965 oar-
1725 1977 1728 1982 ¹

671 2001 794 2064 unua.
1617 2006 1655 2060 ilo

258 2099 378 2186 [junio]
403 2157 413 2176 ,
444 2161 452 2177 ,
477 2161 485 2180 ,
509 2160 520 2181 ‚
542 2161 551 2180 ,
573 2163 582 2182 ,
607 2131 672 2183 ,-
691 2098 797 2160 Scribit
816 2100 932 2160 cuidam
951 2100 1013 2175 rogi
1032 2114 1063 2158 sa
1082 2097 1220 2158 ottonem
1241 2095 1342 2158 Sancti
1358 2097 1472 2158 Niooial
1492 2099 1656 2158 incarcere

671 2195 807 2255 Tulliano
820 2195 974 2255 diaconum
989 2195 1164 2255 cardinalem
1179 2194 1359 2272 liberavisse,
1372 2211 1485 2255 necnon
1499 2201 1528 2254 et
1540 2197 1656 2272 episco-

671 2309 744 2370 pum
754 2293 960 2354 Prenestlnom
970 2292 1039 2354 lioat
1052 2292 1210 2370 imperialis
1223 2291 1343 2354 honoris
1356 2293 1541 2352 nudsdmum
1550 2292 1656 2352 adver·

671 2393 797 2463 sarium,
812 2389 929 2451 orbitati
943 2389 1088 2450 Ecclesiae
1103 2389 1317 2466 compatiendo.
1616 2397 1653 2450 98

257 2487 380 2567 [iunio]
404 2529 414 2550 .
443 2530 617 2552 ......
634 2519 672 2532 -
692 2487 765 2566 Regi
782 2489 923 2548 Francius
941 2486 1042 2546 scribit
1054 2486 1160 2564 qulbus
1173 2488 1269 2546 causis
1281 2485 1482 2546 Romanorum
1496 2489 1655 2564 pomereio·

672 2601 725 2645 nes
737 2601 815 2644 auno
828 2586 983 2660 praeterito
991 2590 1021 2644 ct
1035 2600 1128 2660 nuper
1141 2586 1312 2654 vastaverit,
1328 2590 1358 2643 et
1369 2583 1493 2661 qualiter
1506 2584 1544 2645 ad
1557 2601 1656 2660 preces

672 2681 865 2743 cardinalium
883 2681 1035 2742 dlsmdens
1053 2678 1090 2740 ab
1104 2679 1183 2742 Urbe
1199 2695 1267 2741 oum
1285 2682 1439 2741 securitate
1456 2681 1493 2742 de
1511 2685 1656 2743 creatione

672 2781 742 2839 novi
767 2777 930 2856 pontilicis,
958 2777 1121 2838 cardinales
1146 2780 1278 2854 captivos
1304 2783 1490 2854 motcrosque
1513 2779 1657 2856 praelatos

672 2877 866 2954 nenuipinos
877 2875 1058 2946 liberaverit,
1073 2880 1131 2935 ete.
1617 2883 1654 2937 95

258 2967 379 3052 [lanio]
402 3015 616 3037 .......
632 3004 673 3018 -
691 2971 797 3032 Scribit
816 2973 961 3032 universis
977 2970 1114 3031 fidelibus
1131 2971 1194 3030 suis
1212 2985 1264 3047 pro
1281 2984 1382 3030 securo
1399 2968 1546 3031 conductu
1565 2969 1657 3032 Guel-

671 3070 737 3128 terii
754 3068 792 3129 de
809 3068 885 3129 Ocra
903 3070 1010 3128 notarii
1027 3074 1058 3128 at
1077 3067 1220 3144 capellani
1233 3068 1291 3142 sui,
1315 3066 1455 3144 quemad
1473 3067 1658 3131 Ludovloum

672 3168 812 3228 Frondae
825 3183 924 3245 regem
937 3167 1075 3227 nuntium
1088 3169 1188 3227 mittit.
1481 3175 1531 3241 98,
1545 3173 1608 3228 not.
1627 3182 1656 3232 r.
1711 3161 1713 3166 ’

250 3269 288 3322 28
298 3264 386 3340 Junll.
425 3267 593 3328 Bmaventl.
632 3297 673 3311 -
691 3263 831 3325 Noiliicat
844 3265 913 3325 duci
930 3263 1106 3324 Brabauilae
1118 3264 1290 3324 electionem
1303 3261 1446 3324 sinibaldi
1461 3264 1561 3326 Sancti
1578 3265 1656 3325 Laub

672 3363 758 3424 rentii
770 3365 802 3422 in
814 3363 927 3423 Lucina
942 3362 1100 3422 cardinalis
1112 3363 1144 3421 in
1156 3377 1279 3438 papam,
1295 3367 1449 3438 speratrpre
1466 3377 1568 3438 paoem
1580 3364 1657 3424 inter

672 3461 827 3535 imperium
843 3465 873 3519 et
890 3445 1051 3520 Ecclesiam
1067 3458 1180 3518 leollius
1193 3457 1255 3518 iore
1267 3457 1495 3518 reformandam.
1618 3467 1655 3521 99

250 3557 385 3635 aolunit
425 3553 597 3617 Beneventi.
633 3587 673 3601 -
692 3554 817 3616 lianrloo
839 3554 1000 3614 marchioni
1027 3555 1166 3614 illisncnsi
1190 3554 1337 3631 promittit
1361 3552 1489 3631 quodsi
1515 3555 1657 3618 tierricus

671 3653 853 3730 lantgravius
880 3652 1058 3730 'thuringiae
1082 3651 1246 3711 avunculus
1273 3653 1337 3728 ejus
1358 3653 1420 3711 sine
1447 3652 1570 3714 haerede
1594 3654 1656 3717 illio

671 3752 815 3829 praemori
826 3749 991 3828 contigerit,
1003 3751 1058 3826 ipsi
1068 3747 1230 3808 marchioni
1240 3752 1307 3826 lura
1317 3748 1426 3809 leudali
1440 3749 1568 3810 ooulerct
1581 3751 1657 3814 duos

670 3845 799 3924 eiusdem
813 3845 970 3923 lantgravii
982 3846 1179 3922 principatus,
1194 3844 1306 3905 scilicet
1318 3844 1512 3923 lantgravium
1526 3845 1654 3908 Thurin·

672 3945 736 4020 gae
748 3947 778 4002 et
791 3943 959 4002 comitivam
973 3940 1075 4018 paiatu
1088 3940 1243 4002 Senoniae.
1599 3951 1655 4005 too

251 4045 288 4098 to
307 4037 385 4116 iulii.
466 4035 555 4115 Apud
631 4070 672 4085 -
690 4040 862 4100 Innocentio
874 4054 967 4115 papae
980 4037 1081 4098 scribit
1093 4039 1130 4100 de
1143 4041 1207 4116 elus
1217 4039 1356 4099 electione
1371 4038 1569 4115 congaudens,
1585 4043 1656 4100 mit·

407 4133 615 4196 Beneventum
670 4141 766 4216 titque
779 4138 890 4216 legatos
905 4139 957 4214 qul
970 4139 1098 4214 seipsum
1112 4137 1149 4197 ad
1164 4142 1227 4216 ejus
1239 4136 1421 4215 beneplacita
1433 4144 1579 4216 paratum,
1589 4138 1656 4200 sal·

670 4234 1101 4313 visJureethouorelmpcrll,
1116 4233 1250 4294 olicrant.
1598 4245 1654 4300 104

248 4337 385 4412 augusto.
450 4327 565 4390 Ariani.
632 4364 672 4380 -
690 4331 832 4392 Iandollo
847 4333 982 4407 episcopo
995 4331 1218 4404 Wormailensi,
1231 4332 1285 4390 toti
1304 4329 1383 4392 claro
1391 4330 1557 4410 populoque
1565 4331 1655 4411 huius

671 4430 798 4490 clumbe
810 4429 954 4505 promittit
966 4427 1047 4506 quod
1059 4429 1085 4487 si
1098 4443 1130 4487 se
1147 4441 1215 4488 oum
1231 4427 1362 4488 Ecclesia
1378 4429 1512 4490 Romana
1529 4443 1656 4507 compo-

670 4529 806 4589 sitionem
824 4527 899 4586 inira
910 4527 1080 4603 contigerit,
1095 4527 1174 4601 ipsos
1192 4523 1230 4586 ab
1245 4525 1346 4586 eadem
1363 4527 1574 4603 compositione
1593 4543 1655 4589 non

670 4627 797 4702 patiatur
808 4623 935 4684 excludi.
1163 4661 1164 4664 =
1303 4629 1306 4638 ⁴
1597 4633 1655 4689 iot

248 4727 385 4800 augusto.
451 4720 567 4782 drlanl.
630 4753 671 4768 —
690 4721 847 4783 Civitatem
862 4719 1110 4780 wormatiensem
1128 4717 1249 4797 deputat
1268 4717 1307 4780 ad
1326 4719 1515 4783 celebrandas
1534 4737 1655 4784 annua-
