4300 5916
192 561 195 565 ⁴
258 573 362 634 lrnmr.
378 572 424 650 'l.]
704 565 904 632 HISTORIA
925 565 1222 631 orrtouarrcs.

660 1043 773 1110 ANNO
799 1045 902 1110 1249.
922 1083 963 1096 -
980 1045 1226 1112 lNlllGl'IONE
1250 1049 1281 1110 7.

829 1255 1089 1270 m

316 1430 530 1538 Comedus,
551 1430 869 1520 inllomanorum
891 1461 1021 1548 regem
1045 1434 1206 1544 electus,
1227 1433 1385 1520 sculteto
1401 1443 1439 1518 et
1457 1433 1603 1520 ciuibus
1620 1435 1668 1521 de
1706 1449 1861 1548 pm,

263 1563 448 1651 Solodoro
465 1564 624 1650 mandat
639 1570 745 1679 quod
757 1567 1015 1678 praepositum
1028 1578 1067 1652 et
1083 1567 1294 1678 capitulum
1307 1567 1484 1652 ecclesiae
1497 1567 1668 1654 Solodo-

261 1696 385 1782 rensie
405 1709 538 1782 eontra
566 1699 829 1810 oppressiones
855 1702 1113 1812 quorumdam
1138 1699 1441 1786 adversariorum
1466 1711 1670 1812 protegant

262 1839 300 1912 et
317 1831 553 1916 conservent.

344 2044 440 2126 (lldlt.
455 2064 504 2127 ap.
519 2043 689 2111 stonum.
710 2043 932 2129 Wocltertilatt„
947 2067 1016 2112 ann.
1035 2059 1124 2132 18²2,
1140 2067 1171 2128 p.
1188 2049 1272 2132 479.)

309 2234 507 2328 ὒοιιηάιιε,
528 2235 601 2309 diri
620 2235 759 2329 augusti
778 2237 995 2333 imperatoris
1014 2236 1177 2310 Friderici
1199 2235 1308 2328 lilius,
1328 2237 1391 2310 Dei
1411 2239 1522 2331 gratia
1543 2240 1670 2312 Roma-

262 2379 388 2431 norum
405 2357 442 2430 in
457 2361 740 2451 regemelectus,
758 2383 896 2456 semper
912 2370 1080 2454 augustus
1097 2371 1133 2432 et
1150 2360 1253 2432 heres
1267 2361 1368 2452 regni
1384 2362 1668 2454 lerosolimitani‚

262 2483 410 2556 sculteto
429 2492 466 2556 et
485 2483 621 2557 nivibus
639 2484 684 2557 de
701 2485 850 2558 Solodro
866 2483 1028 2558 fidelibus
1052 2485 1125 2558 onis
1144 2485 1290 2580 gretiam
1307 2506 1405 2559 suam
1422 2495 1459 2558 et
1481 2507 1585 2559 omne
1604 2489 1669 2561 bo·

263 2629 361 2679 num.
383 2607 699 2702 Supplicationibns
724 2610 976 2684 venerabilium
995 2610 1162 2706 prepositi
1187 2609 1426 2684 Solodorensis
1448 2619 1484 2682 et
1508 2613 1667 2707 capituli,

264 2731 467 2804 dilectorum
494 2730 650 2804 fidelium
678 2743 893 2825 nostromm‚
920 2733 1157 2806 favorabiliter
1185 2733 1359 2822 inclinati,
1383 2733 1428 2806 de
1454 2735 1669 2829 plenitudine

263 2855 373 2928 nostri
402 2855 536 2928 consilii
561 2857 767 2930 mandamus
790 2858 890 2930 vobis
914 2859 1118 2930 anctoritate
1146 2867 1292 2952 paterna
1317 2865 1354 2928 et
1380 2865 1499 2931 nostra
1526 2857 1671 2932 firmiter

263 2977 494 3074 precipientes
524 2990 697 3075 quatenus
722 2981 1017 3077 presumptionem
1051 2978 1283 3074 quommdam
1314 3002 1361 3052 ex
1384 2980 1485 3054 vobis
1515 2982 1576 3075 qui
1598 2983 1671 3076 juri

262 3103 419 3199 predicte
431 3103 576 3176 ecclesie
594 3102 757 3177 videlicet
770 3125 808 3176 se
824 3114 1022 3200 opponunt,
1040 3103 1245 3176 anctoritate
1258 3103 1367 3176 nostri
1385 3105 1545 3178 culminis
1559 3107 1670 3202 repri-

263 3237 412 3317 mentes,
428 3225 606 3322 prediotos
620 3227 834 3323 prepositum
855 3237 892 3300 et
916 3227 1105 3323 capitulum
1126 3249 1232 3323 super
1256 3228 1326 3299 suis
1349 3225 1548 3301 hominibus
1567 3231 1671 3323 juxta

263 3360 421 3424 tenorem
442 3350 613 3446 privilegii
634 3349 763 3425 exinde
788 3352 955 3442 conlecti,
979 3352 1075 3446 quod
1096 3352 1199 3447 plene
1221 3351 1463 3448 perspeximus
1485 3362 1521 3425 et
1541 3373 1669 3449 appro-

264 3474 402 3567 bamus,
417 3473 464 3548 ad
476 3473 660 3548 utilitatem
671 3487 853 3571 prenotate
869 3475 1014 3550 ecclesie
1029 3475 1262 3566 conservetis;
1281 3484 1415 3548 tantum
1429 3477 1553 3550 facturi
1565 3495 1673 3574 super

264 3598 440 3694 premissis
454 3608 496 3680 ut
513 3598 627 3672 eidem
643 3601 819 3695 preposito
841 3611 878 3673 et
897 3600 1049 3698 capitulo
1070 3621 1142 3672 non
1169 3599 1272 3672 detur
1294 3611 1414 3673 contra
1442 3622 1505 3675 voe
1526 3603 1672 3674 materia

264 3721 514 3816 conquerendi.

312 3847 440 3920 Datum
454 3847 634 3940 Hagenau,
651 3845 774 3918 XXVII
793 3847 970 3939 februarii,
987 3848 1134 3943 septima
1150 3848 1351 3922 indictione.

318 4383 535 4490 conradus,
555 4387 596 4468 in
616 4388 876 4474 Romanorum
894 4391 1201 4501 regemelectus,
1223 4415 1293 4501 pro
1318 4391 1438 4502 gratis
1461 4391 1549 4478 fidei
1578 4419 1671 4480 me·
1709 4397 1862 4508 ew,

265 4513 348 4597 ritis
367 4515 520 4600 liudolfi
538 4519 585 4602 de
602 4517 828 4633 Habesburg
850 4521 1053 4633 lantgravii
1068 4522 1256 4629 Alsatiae,
1275 4523 1309 4608 ei
1328 4524 1548 4610 theloneum
1570 4531 1673 4639 apud

266 4647 525 4736 Vroudenowe
543 4650 801 4766 (Frendeuau)
820 4658 1005 4741 coneedit.

344 4781 396 4846 vr.
418 4801 505 4849 rme.
1458 4803 1514 4857 ιιι
