4352 5940
237 628 337 686 lsnrcr.
353 625 400 701 6.]
684 613 884 678 HISTORIA
908 611 1203 676 ulunouurlcn.
1582 600 1644 664 609

235 755 429 842 Parmensi
460 752 616 836 nomine
644 749 761 832 Cerno
792 747 841 832 de
870 745 1081 830 redditibus
1113 769 1204 828 suae
1234 738 1414 825 ecclesiae
1444 732 1646 848 subuenire

237 916 315 974 non
333 896 506 997 cogatur.

319 1089 491 1168 (Memorat.
505 1104 542 1148 ex
555 1085 669 1146 schedis
682 1083 776 1144 Comll
788 1098 837 1160 ap.
852 1083 1021 1158 Roucnuu,
1035 1079 1134 1142 Notis.
1148 1075 1268 1139 reuda
1280 1073 1312 1136 di
1324 1075 1433 1152 Pueris,
1448 1080 1472 1136 t.
1488 1071 1558 1151 Ill.)

283 1264 410 1334 Datum
427 1257 701 1349 Cremona,le
717 1254 846 1346 martii,
861 1252 1050 1325 indictione
1060 1253 1118 1323 Vl.

289 1827 518 1938 Fridericus,
538 1829 797 1911 Romanorum
829 1827 1048 1936 imperator,
1068 1826 1119 1908 ed
1137 1824 1266 1908 fideles
1294 1850 1384 1908 suos
1414 1826 1464 1907 de
1489 1823 1645 1908 victoria
1674 1791 1815 1936 '1333

233 1962 367 2046 habita
388 1972 521 2045 contra
543 1961 765 2044 Parmenses
789 1969 876 2068 post
901 1959 1220 2068 expugnationem
1244 1983 1404 2040 suorum
1430 1967 1644 2044 castrorum

231 2105 270 2178 et
286 2097 337 2178 de
354 2121 446 2178 nece
466 2094 648 2177 Beruardi
666 2093 826 2176 Rolaudi
846 2092 975 2199 Russi,
997 2091 1199 2200 proditoris
1217 2091 1291 2173 sui.

317 2295 413 2375 (Edit.
428 2297 462 2356 lu
472 2295 556 2356 Petri
573 2291 609 2354 dc
626 2293 692 2356 Via.
708 2294 805 2373 aptat,
820 2293 871 2354 llb.
886 2293 928 2366 ll,
939 2309 1001 2370 cap.
1018 2291 1113 2365 XLII3
1128 2292 1197 2352 coll.
1213 2308 1282 2352 cum
1302 2291 1368 2354 cod.
1384 2292 1459 2354 Blbl.
1475 2293 1572 2355 Cesar.
1584 2293 1644 2354 Pa·

355 2398 520 2482 rb.,snudr
531 2401 735 2478 Notus-Deme,
751 2397 834 2478 202.)

281 2574 437 2648 Casualis
461 2573 615 2648 vindicte
642 2597 706 2646 seu
731 2573 846 2669 potius
870 2573 1013 2646 victorie
1037 2583 1155 2645 nostre
1176 2573 1279 2667 plene
1301 2573 1526 2668 principium,
1548 2575 1645 2669 quod

231 2709 314 2794 post
338 2699 515 2770 sinistrum
537 2707 729 2770 castrorum
750 2707 949 2770 nostrorum
969 2695 1218 2768 combustionis
1233 2706 1396 2768 eventum
1412 2697 1513 2770 nobis
1527 2698 1645 2771 diviua

232 2822 410 2918 potentia,
430 2822 530 2894 solita
551 2821 677 2894 nostris
694 2821 816 2894 adesse
840 2820 1028 2914 suffragiis,
1047 2820 1092 2892 de
1117 2819 1232 2892 navali
1247 2821 1512 2893 Mantuanorum
1530 2823 1644 2896 rebel·

232 2947 321 3018 lium
340 2945 563 3041 depressione
579 2947 786 3036 contulerat,
805 2944 1023 3040 precedentis
1038 2945 1084 3016 ad
1102 2966 1165 3016 vos
1183 2944 1295 3015 littere
1311 2954 1428 3017 nostre
1443 2947 1532 3041 stylo
1548 2968 1644 3018 com·

233 3069 412 3157 misimus,
429 3078 470 3140 ut
489 3089 606 3142 coram
627 3068 727 3140 vobis
749 3067 855 3140 totius
873 3068 924 3138 rei
945 3067 1070 3139 seriem
1093 3068 1222 3139 veritas
1244 3067 1415 3162 descripta
1441 3068 1642 3160 dissereret,

232 3213 343 3288 quam
362 3192 455 3264 lama
474 3191 620 3264 diversis
642 3191 796 3264 discussa
818 3192 983 3264 relatibus
1007 3201 1168 3286 potuerat
1194 3192 1358 3263 variasse.
1385 3193 1503 3287 Nuper
1527 3204 1644 3266 autem

233 3316 332 3411 quod
348 3337 509 3410 pugnans
524 3337 586 3410 pro
599 3315 699 3388 nobis
713 3335 836 3386 manus
850 3315 1016 3387 Altissimi
1034 3315 1140 3386 titulis
1152 3315 1280 3389 nostris
1298 3315 1452 3408 undique
1465 3315 1644 3390 victoriam

232 3449 334 3532 grate
354 3439 605 3535 prosecutionis
622 3439 803 3531 adJecerit,
828 3437 984 3510 fidelitati
1006 3449 1120 3510 vestre
1141 3450 1260 3510 tenore
1280 3439 1491 3534 presentium
1510 3463 1645 3515 resera·

233 3585 328 3635 mus.
344 3563 480 3636 Pridem
497 3563 582 3635 dum
598 3563 751 3637 collectis
766 3563 920 3656 undique
938 3562 1070 3634 viribus
1091 3572 1286 3634 nostrorum
1304 3561 1477 3655 fidelium,
1494 3588 1644 3658 quorum

234 3685 343 3758 celeri
367 3685 444 3756 lulti
466 3683 617 3781 presidio
640 3685 788 3756 civitatis
815 3683 1050 3756 Parmensium
1077 3683 1288 3779 proterviam
1316 3708 1380 3780 per
1406 3689 1645 3779 aggressiones

234 3809 419 3883 continuas
441 3809 551 3881 multo
575 3807 704 3881 arctius
724 3807 824 3881 solito
846 3807 1025 3879 victoriose
1045 3806 1326 3912 perstrinximus,
1346 3809 1402 3881 die
1425 3811 1577 3904 quodam
1598 3813 1645 3884 ad

235 3933 534 4030 expuguationem
551 3935 701 4006 duorum
721 3941 913 4004 castrorum
936 3932 1190 4024 Parmensium,
1212 3953 1281 4026 que
1304 3934 1483 4007 rebellium
1506 3936 1646 4009 incauta

236 4057 415 4129 temeritas
437 4056 483 4129 ad
501 4066 608 4128 strate
624 4055 725 4128 nobis
740 4055 873 4128 aditum
890 4054 1183 4150 precludendum,
1204 4068 1283 4152 post
1298 4079 1471 4130 recessum
1488 4069 1645 4132 nostrum

236 4183 282 4254 de
299 4181 421 4253 castris
433 4181 583 4254 Victoris
596 4189 794 4275 occuparat,
811 4188 971 4275 potenter
984 4179 1151 4251 serenitas
1167 4189 1286 4254 nostra
1302 4183 1537 4277 processisset,
1551 4185 1644 4257 acci·

237 4305 290 4379 dit
304 4305 401 4400 quod
417 4327 578 4398 maguam
593 4315 729 4400 partem
744 4303 939 4376 Parmensis
954 4304 1093 4395 militie,
1109 4305 1145 4376 in
1167 4304 1328 4378 frivolum
1345 4317 1536 4379 castrorum
1552 4308 1645 4404 ipso·

238 4451 317 4500 rum
342 4429 534 4502 subsidium
560 4429 785 4519 destinatam,
814 4428 906 4500 acies
929 4448 1000 4498 uua
1024 4437 1221 4500 nostrorum
1242 4427 1395 4501 bdelium
1421 4432 1467 4503 ab
1489 4431 1646 4504 exercitu

237 4563 358 4626 nostro
376 4552 486 4625 divisa
505 4573 568 4648 per
584 4549 775 4648 bivium(c)
790 4561 951 4646 potenter
967 4560 1004 4622 et
1017 4551 1162 4624 viriliter
1175 4553 1396 4646 aggrediens,
1414 4575 1474 4626 eos
1489 4555 1525 4626 in
1538 4555 1647 4628 nostri

17 4701 19 4790 l
283 4725 324 4806 (a)
345 4726 491 4788 luccdlce
505 4727 817 4806 slmpllcltarpcror'm.
