4306 5914
477 629 538 692 672
982 629 1196 694 fatuantur
1221 629 1395 694 sucunut
1694 625 1774 713 [Ars.
1793 627 1881 690 lats.

476 777 594 840 nostre
609 768 830 863 persistentes
844 791 950 865 super
966 767 1142 866 premissis
1155 777 1275 840 contra
1291 764 1462 862 presentis
1476 763 1646 860 privilegii
1661 765 1770 836 nostri
1786 773 1883 836 teno-

477 913 550 964 rem
575 901 704 965 temere
730 892 899 989 impedire
919 915 980 966 sen
1004 894 1188 966 molestare
1214 899 1403 988 presumat.
1427 889 1529 976 Quod
1552 888 1614 984 qui
1638 890 1886 984 presumpserit

477 1027 595 1112 preter
608 1016 881 1110 indignationem
895 1017 1003 1090 nostri
1018 1016 1178 1089 culminis
1194 1015 1474 1110 quamincurret,
1485 1013 1549 1085 tria
1565 1014 1657 1086 milia
1666 1012 1884 1086 marcharum

477 1140 611 1232 argenti
623 1162 688 1236 pro
701 1162 792 1237 pena
803 1163 841 1214 sa
850 1140 1502 1238 compositurumagnoscat,medietate
1513 1137 1756 1235 ipsarumfisco
1767 1147 1884 1212 nostro

478 1266 662 1360 etreliqua
676 1265 861 1340 medietate
875 1266 985 1362 passis
999 1265 1159 1358 injuriam
1174 1265 1394 1361 applicanda.
1413 1263 1469 1337 nd
1491 1261 1596 1356 hujus
1607 1273 1724 1336 autem
1740 1285 1884 1336 conces·

479 1389 585 1463 sionis
603 1400 640 1464 et
653 1390 763 1482 gratie
781 1401 897 1464 nostre
914 1391 1115 1463 memoriam
1130 1411 1172 1462 ac
1190 1385 1322 1487 [robur]
1341 1398 1508 1485 perpetuo
1524 1388 1724 1480 valiturum,
1744 1409 1886 1483 presens

477 1513 696 1610 privilegium
711 1537 773 1612 por
788 1537 912 1588 manus
929 1514 1059 1588 Nicolai
1080 1515 1125 1587 de
1142 1513 1260 1586 llocha
1280 1513 1404 1588 notarii
1422 1523 1459 1586 et
1475 1511 1589 1585 tidelis
1607 1512 1717 1586 nostri
1732 1512 1834 1586 scribi
1849 1522 1886 1584 at

479 1639 592 1731 sigillo
605 1641 794 1732 majestatis
811 1649 928 1714 nostre
938 1640 1104 1733 jussimus
1118 1639 1336 1712 communiri.

528 1761 637 1854 liujus
654 1762 704 1836 rei
722 1773 826 1836 testes
840 1773 922 1836 sunt
933 1763 1133 1837 Manlredus
1149 1763 1302 1836 marchio
1317 1764 1450 1835 lancea
1464 1760 1611 1834 dilectus
1625 1759 1738 1832 affinis
1752 1769 1882 1850 noster,

478 1885 599 1960 Petrus
611 1886 656 1959 de
671 1886 828 1960 Calabria
843 1887 1064 1961 mariscalcus
1078 1898 1210 1978 noster,
1227 1887 1392 1980 magister
1405 1885 1592 1958 Riccardus
1610 1885 1655 1958 de
1669 1885 1886 1977 Montcnigro

478 2031 603 2104 magne
619 2010 715 2083 curie
728 2019 845 2086 nostro
863 2010 1026 2104 magister
1035 2010 1259 2103 justiciarius,
1279 2010 1443 2106 magister
1457 2010 1651 2082 Gualterius
1664 2010 1709 2082 de
1724 2009 1812 2082 Ocra
1825 2030 1885 2081 ve-

478 2136 641 2210 nerabilis
653 2137 836 2232 quanus
850 2137 995 2226 alectus,
1012 2135 1129 2208 dilecti
1143 2135 1328 2210 familiares
1339 2133 1748 2225 etlidelesnostri,etalii
1760 2155 1883 2230 quam·

479 2263 610 2358 plures.

527 2383 614 2458 Acta
627 2392 709 2458 sunt
722 2381 787 2456 bec
799 2403 892 2456 anno
906 2381 1079 2456 dominice
1092 2381 1339 2456 incarnationis
1351 2381 1535 2456 millesimo
1552 2381 1791 2457 ducentesimo
1802 2403 1887 2477 qna·

479 2507 675 2602 dragesimo
701 2517 848 2600 octavo,
885 2527 1004 2580 mansa
1033 2506 1244 2600 decembris,
1271 2507 1416 2604 septime
1443 2507 1657 2598 indictionis,
1692 2507 1885 2602 imperante

478 2633 621 2708 domino
656 2644 775 2707 nostro
811 2631 975 2706 Federico
1012 2631 1075 2704 Ilei
1107 2632 1218 2725 gratia
1251 2635 1482 2708 Romanorum
1517 2632 1724 2730 imperatore
1749 2655 1885 2730 sempor

478 2768 647 2853 angusto,
673 2758 860 2832 Ierusalem
880 2766 916 2829 at
942 2757 1057 2830 Sicilia
1085 2779 1184 2852 rege,
1207 2758 1342 2854 imperii
1361 2760 1436 2851 ejus
1450 2780 1544 2831 anno
1559 2758 1725 2850 vigesimo
1741 2767 1883 2850 octavo,

478 2883 577 2978 regni
591 2883 778 2956 Ierusalem
795 2881 962 2975 vigesimo
981 2882 1095 2974 tertio,
1112 2883 1210 2977 regni
1225 2905 1312 2957 vero
1326 2882 1441 2956 Sicilia
1457 2882 1757 2977 quinquagesimo.

526 3009 654 3082 Datum
667 3001 845 3098 Vercellis,
861 3001 996 3105 [anno],
1011 3029 1143 3094 mensa,
1157 3007 1345 3084 indictione
1362 3007 1572 3104 prescriptis,
1588 3005 1746 3082 feliciter.
1757 3007 1882 3082 Amen.

705 3315 768 3328 ..ιι-
781 3315 904 3326 nuno-›uu-
911 3311 1668 3326 ’.Ἥκω-μοι,

293 3591 434 3648 romum
533 3561 764 3670 Fridericus,
788 3559 1047 3647 Romanorum
1070 3565 1293 3674 imperator,
1325 3565 1484 3648 mandat
1507 3565 1667 3652 ilenrico
1696 3569 1776 3680 regi
1807 3567 1889 3651 lilio'

481 3725 551 3784 suo
576 3711 620 3783 ut
643 3725 721 3784 non
753 3695 927 3782 turbetur
953 3713 1105 3810 propter
1131 3699 1412 3782 concessionem
1431 3700 1651 3784 Luuesanae
1677 3711 1714 3784 et
1741 3699 1835 3784 Gari
1857 3747 1884 3763 -

482 3858 630 3944 gnanus
660 3857 779 3942 quam
808 3828 956 3913 Pisanis
990 3845 1028 3914 et
1052 3831 1214 3915 Lucanis
1245 3831 1326 3942 ipse
1363 3831 1469 3938 lecit,
1491 3835 1710 3918 necessitate
1734 3833 1886 3945 publica

481 3967 677 4052 suadente.

562 4197 658 4278 (Edlt.
673 4197 703 4257 ln
718 4193 801 4256 retr-t
812 4191 847 4255 dc
865 4193 930 4255 Vin.
946 4195 1043 4275 epist,
1060 4193 1111 4256 ltb.
1128 4193 1181 4275 Vl,
1191 4211 1257 4274 cap.
1274 4194 1374 4271 xlttl,
1388 4197 1457 4257 coll.
1472 4213 1541 4258 curn
1554 4198 1677 4260 codlclb.
1692 4195 1770 4260 Blbl.
1784 4197 1881 4261 Cesar.

600 4305 708 4378 Parta,
715 4299 807 4383 sondr
819 4301 1020 4382 Notaeltome,
1034 4311 1068 4363 n·
1082 4307 1151 4376 202,
1166 4300 1290 4380 etsondr
1302 4303 1541 4365 Sciet-Germia
1554 4301 1679 4385 Hurloy,
1693 4317 1726 4367 ιι·
1740 4305 1824 4385 ⁴55.)

529 4502 736 4596 Fridericus,
757 4513 841 4594 etc,
855 4503 1003 4576 Hendco
1014 4501 1086 4576 filio
1101 4524 1177 4595 suo,
1192 4512 1259 4575 etc.
1271 4503 1440 4576 Noticiam
1455 4513 1549 4577 tuam
1565 4506 1763 4578 nullatenus
1779 4507 1887 4578 latere

428 4629 432 4644 '
482 4633 643 4706 volumus
660 4627 756 4722 quod
773 4628 934 4720 exigente
949 4627 1173 4720 negociomm
1188 4635 1223 4698 et
1237 4636 1431 4723 temporum
1448 4639 1671 4724 tempestate,
1684 4651 1752 4723 que
1769 4640 1886 4704 nostre

482 4752 696 4830 liberalitatis
720 4752 877 4826 ordinem
900 4752 937 4826 in
960 4752 1135 4848 plerisque
1157 4761 1373 4846 permutant,
1393 4752 1541 4825 utilitate
1568 4753 1886 4847 nihilominusque
