4352 5940
201 640 304 701 learcr.
319 639 364 716 6.]
593 641 595 644 ’
649 639 847 700 lltslottltl
871 639 1170 704 ulammaulas.
1554 635 1614 698 619

205 775 285 848 dam
307 773 511 869 imperatori
531 772 721 846 adhereant
743 773 961 847 immemores
977 797 1040 848 sue
1063 774 1196 864 salutis,
1209 795 1274 847 nos
1288 775 1448 846 nolentes
1462 771 1529 844 bec
1548 771 1615 844 sub

205 900 424 973 simulatione
440 897 599 990 transire,
610 919 656 969 ne
671 898 766 992 quod
778 900 868 972 absit
879 912 1058 973 assumant
1072 901 1273 996 exemplum
1287 898 1414 972 exinde
1428 896 1614 988 convicini,

204 1023 415 1095 mandamus
430 1032 603 1114 quatenus
616 1021 788 1094 Frederici
804 1021 894 1094 filios
911 1032 947 1095 et
964 1035 1109 1120 nepotes
1123 1024 1322 1097 nominibus
1336 1043 1457 1094 eorum
1472 1041 1617 1116 expres·

206 1146 252 1216 sis
265 1167 333 1218 nec
346 1166 416 1216 non
428 1145 665 1235 marchiones,
685 1147 828 1218 comites
842 1158 877 1218 et
888 1147 1056 1237 barones,
1070 1149 1221 1241 prelatos
1236 1147 1339 1219 etiam
1354 1157 1390 1218 et
1401 1145 1544 1217 clericos
1558 1166 1618 1216 cu·

201 1271 410 1362 jussumque
428 1269 554 1340 luerint
568 1268 745 1362 dignitatis
759 1272 815 1342 vel
830 1271 973 1362 ordinis,
983 1282 1018 1342 et
1028 1272 1113 1343 alios
1125 1293 1245 1343 omnes
1256 1271 1317 1364 qui
1326 1269 1613 1362 eidemF.qu0vis

209 1394 312 1464 modo
326 1394 445 1465 lavere
458 1402 659 1489 presumant
670 1403 732 1464 eut
743 1393 789 1466 ad
800 1395 931 1466 curiam
946 1395 1021 1488 ejus
1037 1417 1098 1467 seu
1117 1405 1283 1490 nepotum
1296 1395 1353 1465 vel
1364 1393 1513 1465 filiorum
1527 1393 1618 1484 ejus·

208 1516 287 1590 dem
308 1517 424 1588 vocati
444 1517 503 1588 vel
526 1538 598 1590 non
619 1517 733 1590 vocati
753 1517 884 1590 vadant
901 1519 957 1590 vel
979 1519 1135 1609 mittant,
1156 1516 1522 1590 excommunicationis
1539 1539 1616 1587 mu·

209 1661 314 1711 crona
341 1641 529 1734 percellas,
553 1641 716 1734 ipsosque
739 1643 1059 1715 excommunicatos
1081 1643 1219 1738 publice
1246 1642 1385 1713 nunties
1410 1651 1446 1712 et
1468 1641 1618 1714 nuntiari

208 1764 314 1836 iacias
331 1785 395 1858 per
412 1765 488 1836 loca
506 1764 541 1834 in
563 1765 689 1857 quibus
713 1765 879 1860 expedire
900 1765 1042 1858 videris,
1060 1766 1205 1861 pulsatis
1221 1766 1398 1860 campanis
1414 1775 1450 1837 et
1465 1765 1619 1838 candelis

208 1887 363 1960 accensis
382 1887 526 1980 singulis
548 1887 672 1960 diebus
695 1887 876 1962 dominicis
898 1899 933 1961 et
957 1889 1101 1962 lestinis.
1120 1879 1282 1962 Civitates
1307 1911 1464 1984 quoque,
1485 1900 1615 1980 castra,

208 2012 309 2083 villas
330 2020 365 2082 et
385 2013 461 2082 loca
482 2011 576 2083 dicto
596 2011 634 2082 l.
656 2011 860 2084 adherentie
883 2013 1086 2085 nominatim
1109 2013 1262 2087 Ecclesia
1282 2013 1466 2085 interdicto
1488 2034 1618 2108 suppo·

209 2157 315 2225 nens,
331 2135 447 2230 prives
469 2154 511 2206 ee
533 2143 569 2206 et
583 2134 720 2227 judices
740 2157 782 2208 ac
802 2137 1005 2208 tabelliones
1026 2157 1145 2209 eorum
1167 2147 1203 2208 et
1221 2137 1372 2232 prelatos
1387 2157 1508 2208 omnes
1523 2136 1619 2208 omni

209 2257 360 2346 honore,
381 2257 538 2350 quolibet
552 2257 679 2349 officio,
691 2259 813 2351 quavis
835 2259 1003 2352 dignitate
1022 2268 1057 2332 et
1074 2259 1286 2354 quibuslibet
1302 2260 1368 2331 nisi
1390 2261 1562 2332 duntaxat
1581 2260 1619 2332 iu

212 2403 294 2454 casu
309 2403 331 2453 a
342 2383 423 2476 jure
438 2402 603 2453 concesso
615 2381 855 2454 ecclesiasticis
870 2384 1107 2474 sacramentis,
1126 2383 1333 2479 baptismate
1349 2380 1574 2479 parvulorum
1585 2393 1621 2456 et

212 2505 412 2601 penitentiis
427 2504 650 2577 morientium
665 2505 778 2578 solum
794 2507 966 2602 exceptis,
985 2508 1112 2600 quibus
1125 2507 1211 2578 nulli
1228 2529 1369 2602 prorsus
1388 2517 1572 2580 teneantur
1583 2508 1620 2579 in

209 2629 341 2721 judicio
363 2628 586 2724 respondere.
606 2629 796 2703 Interdicas
821 2630 927 2702 etiam
949 2630 1144 2726 specialiter
1163 2643 1203 2702 ut
1224 2633 1341 2704 nullus
1362 2653 1409 2703 ex
1427 2630 1621 2704 fautoribus

213 2751 337 2848 prelati
359 2752 532 2825 Frederici
547 2753 582 2823 in
601 2761 809 2848 potestatem
831 2769 892 2826 ant
915 2764 1083 2826 rectorem
1100 2756 1154 2826 vel
1171 2755 1218 2827 ad
1235 2755 1368 2849 aliquid
1388 2755 1537 2827 officium
1559 2776 1622 2828 seu

214 2876 418 2968 dignitatem
433 2876 513 2969 eligi
526 2877 641 2948 valeat
657 2878 712 2948 vel
727 2878 869 2967 assumi,
886 2878 1253 2952 excommunicationis
1270 2879 1307 2950 in
1330 2878 1408 2951 illos
1426 2879 1485 2972 qui
1501 2889 1621 2950 contra

215 3000 359 3072 iecerint
383 2999 556 3072 sententia
579 3001 815 3095 promulgeta;
843 3011 879 3074 et
906 3001 989 3096 quia
1014 3002 1174 3074 Ezelinus
1201 3003 1245 3076 de
1273 3003 1427 3075 Romano
1456 3013 1621 3097 tanquam

216 3124 411 3195 membrum
430 3123 558 3196 diaboli
580 3133 615 3196 et
635 3123 826 3217 iniquitatis
841 3125 1065 3216 vesciculam,
1078 3136 1200 3198 contra
1217 3127 1406 3198 Ecclesiam
1428 3127 1474 3198 ad
1499 3128 1622 3222 prelati

216 3246 446 3342 persecutoris
462 3247 629 3340 obsequia
645 3247 888 3320 damnabiliter
901 3270 938 3320 se
956 3248 1116 3340 devovit,
1134 3261 1255 3322 contra
1271 3251 1433 3322 eumdem
1445 3251 1623 3324 Ezelinum

218 3380 253 3441 et
269 3371 421 3442 lautores
442 3371 518 3463 ejus
537 3369 639 3442 simili
663 3371 767 3443 modo
789 3382 829 3442 ut
848 3371 1041 3466 predictum
1062 3381 1115 3444 est
1129 3373 1319 3468 procedere
1333 3393 1405 3445 non
1418 3383 1620 3469 postponas,
1719 3367 1723 3374 ’

218 3503 337 3565 contra
353 3515 441 3587 qaros
458 3513 580 3565 ornnes
597 3493 633 3563 in
651 3494 751 3566 terris
767 3504 826 3567 tue
844 3495 1027 3587 legationis
1043 3518 1181 3568 crucem
1197 3496 1356 3592 predices
1371 3507 1407 3568 et
1421 3497 1527 3570 iacias
1543 3520 1623 3594 pre·

219 3614 341 3707 moeri,
362 3616 457 3687 illam
476 3615 613 3709 signum
628 3617 742 3689 crocis
761 3618 929 3691 adversus
947 3620 1120 3714 predictos
1135 3620 1389 3692 munientibus
1402 3631 1625 3717 peccatorum

220 3761 360 3812 sucrum
375 3740 527 3830 veniam,
547 3741 778 3835 protectiones
802 3753 837 3814 et
857 3743 1038 3838 privilegia
1055 3764 1282 3815 concessurus
1300 3766 1368 3837 que
1387 3745 1626 3818 conceduntur

221 3863 468 3956 crucesignatis
483 3864 783 3938 transfretantibus
798 3866 834 3936 in
851 3866 1042 3938 subsidium
1056 3867 1160 3938 Terre
1174 3877 1305 3938 sancte.

269 3987 398 4062 Datum
413 3985 586 4079 Lugduni,
600 3987 632 4058 V
645 3986 813 4060 kalendas
827 3989 923 4080 maii,
933 4011 1026 4062 anno
1041 3989 1176 4083 quinto.

251 4151 285 4192 ἱ

278 4575 504 4662 Guillelmus
522 4579 736 4690 dejl'arisio
763 4589 800 4664 et
817 4545 1105 4666 bartholomeus
1123 4584 1170 4666 dc
1188 4582 1394 4692 langneio,
1416 4584 1629 4696 imperiales

220 4705 367 4816 judices
394 4721 658 4796 conuectuum
684 4713 723 4796 in
747 4713 929 4823 Tarento,
953 4715 1003 4800 ad
1027 4716 1311 4826 requisitionem
1339 4717 1509 4828 Gregorii
1534 4743 1626 4802 mo-

1682 4595 1812 4651 Cremona,

1681 4650 1709 4694 80
1723 4649 1807 4705 aprilis.
