4318 5904
524 601 587 666 affl
1073 599 1385 666 anstrannum.

525 759 596 832 quc
622 737 720 811 vadit
745 739 791 812 ad
809 741 962 836 Burgum
985 742 1103 816 Sancti
1128 739 1255 814 bonini
1269 748 1304 810 et
1319 738 1479 809 lecerunt
1491 734 1557 808 sibi
1572 735 1708 809 lovem
1723 745 1759 810 et
1771 737 1932 834 palanca·

527 871 622 950 tum,
646 871 687 935 ut
711 864 905 938 clausuram
933 861 1104 938 baberent
1121 871 1265 960 proptor
1285 861 1426 934 timores
1453 858 1607 932 bostils's.
1624 861 1816 956 Imperator
1829 881 1930 954 vero,

526 984 734 1058 furibundus
760 997 795 1060 st
824 997 917 1061 totus
944 989 1175 1064 inflammatus
1194 1005 1241 1059 cx
1256 987 1307 1057 ira
1322 994 1466 1080 propter
1475 984 1536 1056 ills
1551 1003 1620 1078 que
1633 983 1699 1056 n'bi
1714 984 1930 1076 acciderant,

525 1107 624 1180 venit
637 1109 683 1180 ad
697 1111 874 1202 Parmam,
892 1121 928 1184 et
940 1113 976 1183 in
993 1121 1150 1185 contrata
1164 1131 1234 1205 que
1249 1109 1377 1182 dicitur
1398 1107 1526 1200 lisola,
1541 1107 1578 1180 in
1601 1127 1672 1202 qua
1686 1108 1869 1181 vinmrnm
1882 1115 1934 1181 cst

524 1230 731 1323 multitudo,
757 1243 794 1304 et
811 1233 873 1306 ubi
895 1235 1017 1306 vinum
1030 1234 1185 1307 nascitur
1198 1233 1349 1322 bouum,
1366 1241 1403 1304 et
1414 1232 1535 1304 vinum
1551 1241 1643 1304 terre
1656 1230 1748 1304 illius
1763 1232 1933 1328 optimum

524 1364 595 1445 cst,
616 1355 698 1428 lecit
721 1354 796 1428 ficri
812 1377 919 1430 unam
935 1359 1109 1432 civitatem
1133 1378 1214 1430 cum
1228 1356 1363 1450 magnis
1375 1356 1484 1428 lovels
1497 1356 1532 1427 in
1546 1355 1694 1428 circuitu
1708 1375 1815 1450 quum
1828 1356 1933 1428 cuam

523 1478 711 1552 Victoriam
730 1479 918 1577 appellavit
938 1483 975 1554 in
993 1482 1191 1578 presagium
1209 1483 1424 1574 futurorum
1448 1479 1584 1553 denarii
1597 1500 1682 1553 vero
1695 1489 1836 1552 monete
1850 1481 1934 1554 llio·

524 1603 627 1676 tarini
643 1604 849 1678 dicebantur
861 1615 896 1678 et
909 1607 1022 1700 major
1034 1607 1181 1679 coclosia
1189 1607 1337 1678 Sanctus
1351 1603 1481 1676 Victor.
1497 1604 1580 1676 Erat
1593 1603 1733 1696 ergoibi
1741 1603 1932 1676 Fridcrious

523 1743 604 1794 cum
625 1724 780 1796 exercitu
805 1746 868 1797 suo
887 1733 924 1797 ot
947 1745 1013 1798 rex
1037 1725 1187 1798 llcncius
1202 1745 1283 1797 cum
1297 1723 1455 1796 exercitu
1467 1723 1765 1796 Cremonensium.
1781 1723 1826 1794 Et
1840 1721 1933 1794 misit

522 1843 711 1942 imperator
727 1849 889 1921 omnibus
905 1849 1025 1922 amicis
1041 1851 1112 1922 suis
1127 1860 1168 1921 ut
1183 1850 1387 1922 festinanter
1400 1847 1562 1921 venirent
1576 1846 1623 1919 ad
1638 1846 1852 1940 adjutorium
1866 1845 1930 1918 sibi

522 1968 691 2042 dandum.
708 1972 841 2044 Primus
857 1973 917 2066 qui
935 1974 1032 2046 venit
1045 1974 1110 2046 luit
1119 1973 1281 2046 dominus
1289 1973 1363 2065 Ugo
1375 1969 1548 2062 Bolanus,
1556 1970 1643 2044 ciuis
1653 1969 1861 2060 Parmensis,
1870 1969 1931 2043 do·

522 2093 607 2164 mini
619 2095 808 2178 iunocentii
819 2118 908 2193 pape
916 2098 1032 2191 quarti
1042 2119 1213 2172 exsorore
1222 2119 1345 2193 nepos,
1355 2097 1429 2191 qui,
1441 2117 1521 2168 cum
1532 2106 1687 2192 tempore
1702 2095 1763 2167 illo
1778 2103 1930 2190 potestas

521 2216 741 2312 Papiensium
769 2230 878 2312 essct,
900 2242 980 2293 cum
1003 2223 1164 2294 omnibus
1188 2222 1415 2318 Papicnsibus
1432 2222 1530 2294 venit
1545 2222 1606 2316 qui
1618 2221 1665 2294 ad
1682 2221 1814 2293 bellum
1827 2221 1930 2292 utiles

522 2339 744 2414 videbantur.
761 2345 839 2415 Non
855 2345 968 2439 potuit
984 2367 1076 2443 papa
1096 2347 1201 2418 istum
1215 2369 1317 2419 suum
1332 2357 1496 2442 nepotem
1511 2367 1576 2418 nec
1591 2346 1753 2441 precibus
1766 2365 1833 2418 noc
1847 2365 1929 2440 pro·

521 2464 635 2536 missis
657 2466 703 2537 ab
727 2487 844 2540 amore
866 2469 1032 2542 Friderici
1051 2471 1238 2562 divellere,
1261 2481 1298 2543 et
1319 2470 1399 2567 plus
1413 2469 1539 2542 dilexit
1551 2478 1697 2542 matram
1713 2467 1812 2540 istius
1824 2487 1929 2564 quarn

519 2589 606 2661 alias
624 2611 705 2662 suas
716 2613 860 2666 ‚sorores
883 2594 970 2668 duas
992 2617 1080 2688 quas
1096 2595 1253 2668 similiter
1267 2595 1438 2668 habuerat
1453 2594 1630 2666 maritatas
1645 2594 1681 2665 in
1699 2595 1831 2666 Parma.
1849 2594 1929 2666 Post

519 2708 624 2781 istum
649 2711 746 2783 venit
765 2712 904 2785 Icilinus
920 2713 964 2785 de
980 2715 1159 2806 Romano,
1176 2715 1238 2809 qui
1252 2725 1336 2818 tuuc
1352 2714 1518 2809 temporis
1528 2712 1773 2786 dominabatur
1785 2713 1822 2783 in
1836 2713 1926 2785 blar-

519 2831 598 2905 cbia
625 2836 810 2926 Trivisina,
837 2847 873 2910 et
899 2837 1092 2910 maximum
1116 2839 1310 2912 exercitum
1332 2837 1485 2910 duxerat
1501 2859 1631 2910 secum
1656 2837 1809 2931 llicplus
1822 2856 1926 2929 quam

518 2955 679 3030 diabolus
696 2960 881 3032 timebatur
897 2985 906 3028 ι
925 2962 1111 3057 pronihilo
1125 2963 1218 3034 enim
1234 2963 1387 3034 babebat
1401 2961 1563 3035 occidere
1578 2961 1754 3051 homines,
1765 2959 1926 3032 mulieres

518 3089 555 3152 et
570 3084 734 3176 parvulos
737 3137 1071 3158 .........
1099 3087 1204 3160 Porro
1222 3095 1301 3183 post
1315 3085 1472 3158 lcilinum
1487 3086 1523 3156 in
1536 3084 1747 3179 adjutorium
1762 3082 1926 3156 Fridcrici

518 3216 691 3279 venerunt
717 3209 825 3280 multe
853 3217 975 3302 gentes
1006 3219 1046 3282 ut
1070 3211 1213 3303 Regini,
1238 3211 1470 3300 Mutinenses,
1490 3209 1551 3302 qui
1566 3219 1666 3281 crant
1680 3205 1926 3279 incivitatibns

517 3328 589 3400 suis
604 3350 669 3423 pro
683 3329 848 3426 imperio,
864 3334 1112 3425 Bergemcnscs
1126 3334 1230 3406 ctiam
1243 3343 1280 3406 et
1294 3334 1361 3406 alie
1377 3333 1535 3405 civitates
1552 3330 1808 3404 tamde‘luscia
1820 3351 1925 3422 quam

517 3450 563 3523 do
578 3453 784 3526 bombardia
800 3464 836 3526 et
849 3456 925 3528 aliis
943 3457 1100 3552 partibus
1115 3457 1236 3529 mundi
1260 3479 1329 3550 que
1352 3477 1431 3529 cum
1461 3455 1615 3528 Ecclesia
1643 3475 1715 3527 non
1741 3465 1859 3545 erant3
1889 3463 1926 3526 et

516 3575 659 3646 luerunt
681 3597 761 3649 oum
786 3599 828 3650 eo
855 3582 891 3650 el
914 3579 959 3652 de
981 3580 1202 3672 burgundia,
1228 3589 1264 3652 et
1288 3579 1333 3653 de
1353 3579 1529 3669 Calabria,
1554 3589 1591 3652 et
1607 3576 1813 3674 dsApuIia,
1830 3576 1923 3650 etde

516 3697 650 3788 Sicilia,
669 3709 706 3772 ct
720 3699 765 3770 de
776 3700 880 3773 Terra
896 3704 1054 3796 laboris,
1073 3713 1110 3776 et
1123 3705 1241 3794 Greci,
1259 3712 1295 3776 et
1309 3704 1490 3775 Sarraceni
1503 3703 1548 3775 de
1564 3701 1731 3792 Nuceria,
1747 3712 1783 3773 ct
1796 3701 1924 3773 lcrcex

379 3833 382 3840 '
515 3821 610 3892 omni
625 3822 764 3895 natione
777 3846 847 3919 que
861 3827 926 3899 sub
944 3829 1019 3900 celo
1033 3837 1104 3918 cst,
1124 3837 1159 3900 ct
1171 3829 1283 3900 lactus
1295 3837 1349 3899 est
1358 3827 1533 3899 exercitus
1543 3826 1646 3898 nimis
1656 3824 1797 3918 mandis
1805 3823 1922 3914 valde,

516 3945 652 4018 circiter
673 3948 828 4022 xxxvl!
849 3946 982 4049 [millia]
988 4003 1202 4023 ......
1232 3949 1300 4048 (l).
1323 3951 1410 4024 Cum
1431 3961 1503 4024 tota
1520 3961 1624 4042 gente
1643 3971 1708 4022 sua
1725 3971 1795 4021 nou
1811 3945 1924 4042 potnit

516 4087 688 4164 occupare
701 4072 767 4144 nisi
780 4074 875 4145 illam
892 4084 1034 4147 stratam
1048 4097 1116 4169 que
1132 4075 1230 4148 vadit
1242 4097 1263 4146 a
1276 4077 1400 4147 Parma
1416 4073 1463 4146 ad
1476 4076 1631 4168 Burgum
1644 4071 1763 4145 Sancti
1774 4069 1918 4144 Donim:

515 4193 583 4264 alia
611 4213 697 4267 vero
728 4195 850 4270 civitas
881 4196 967 4269 nibil
1002 4200 1175 4271 sentiebat
1206 4199 1251 4272 dc
1274 4220 1336 4271 sua
1357 4198 1550 4271 obsidione.
1569 4198 1612 4269 lll
1627 4215 1706 4270 cum
1723 4196 1924 4290 disponerat

513 4316 702 4412 imperator
715 4319 890 4392 civitatem
906 4321 1127 4395 Parmensem
1144 4323 1296 4395 totaliter
1318 4322 1499 4394 destruere
1523 4332 1559 4394 et
1583 4341 1660 4393 cem
1676 4320 1861 4392 bausleno
1876 4315 1923 4388 ad

1840 4515 1914 4528 -0

548 4615 582 4690 (t)
601 4617 723 4678 ilabebat
739 4621 768 4678 X
786 4621 868 4682 millia
884 4625 997 4683 militum
1013 4643 1075 4684 curn
1096 4625 1282 4684 innumerabili
1303 4625 1400 4702 populo
1423 4627 1593 4686 uvasarum
1613 4625 1762 4683 civitatum.
1780 4620 1916 4698 (Obsonia.

514 4715 618 4787 Porro,
633 4731 661 4788 p.
676 4717 753 4790 772.)
1917 4734 1921 4752 ,
