4318 5904
541 589 605 652 924
1091 591 1402 656 ADDITAMENTA.

664 728 704 788 ud
720 727 920 788 narrationem
940 729 1098 806 pertinent.
1119 729 1183 791 Hoc
1201 730 1362 792 cmcnlom
1375 731 1453 790 luter
1470 730 1654 790 llorurotmtu
1671 725 1803 791 Placeat.
1822 736 1852 791 ct
1870 730 1949 791 Por-

574 865 577 872 ,
663 834 773 894 macta
786 837 930 896 manuus
945 838 1025 913 typis
1038 837 1150 898 edttum
1167 837 1258 899 tutum
1275 839 1481 914 comperimus.
1502 837 1641 899 Nondum
1659 845 1758 900 tamen
1775 837 1849 900 lDud
1869 841 1949 900 volu·

664 956 731 1000 men
744 940 781 1000 ad
795 956 902 1001 manus
915 947 1031 1002 nostrus
1043 939 1204 1022 perventt.)

592 1097 694 1170 Anno
717 1097 854 1170 Domini
879 1093 989 1188 tell,
1018 1100 1117 1195 pauci
1142 1100 1268 1172 milites
1293 1101 1338 1173 de
1361 1102 1482 1174 Parma
1493 1101 1627 1173 banniti
1641 1101 1873 1196 imperatoris,
1889 1102 1948 1194 qui

544 1222 747 1295 habitabant
765 1223 941 1295 Placentia
965 1233 999 1294 et
1024 1232 1124 1295 eraut
1138 1223 1203 1296 viri
1225 1224 1376 1314 cordati,
1398 1225 1531 1296 robusti
1550 1227 1725 1312 etlortes,
1741 1224 1838 1296 etad
1857 1224 1947 1295 balle

542 1347 751 1437 doctissimi,
781 1358 817 1420 et
839 1356 940 1419 erant
960 1368 1079 1420 amaro
1106 1348 1223 1420 auimo
1254 1356 1328 1419 tum
1351 1348 1433 1442 quia
1448 1348 1573 1422 domus
1586 1371 1708 1422 eurum
1718 1348 1895 1420 destructe
1911 1348 1947 1420 in

542 1472 684 1561 Parma,
695 1482 767 1544 tum
774 1471 934 1566 quiavita
946 1493 1097 1566 nequam
1113 1471 1310 1566 hospitandi
1328 1470 1374 1544 de
1391 1473 1546 1546 domuin
1562 1472 1705 1545 domum
1726 1469 1842 1568 (erant
1854 1472 1947 1543 euim

543 1596 667 1668 exules
684 1604 720 1667 et
736 1596 891 1684 banniti,
908 1605 943 1668 et
959 1595 1136 1669 habebant
1162 1597 1326 1668 familiam
1356 1595 1524 1690 grandem
1550 1605 1585 1668 et
1607 1595 1778 1669 modicam
1801 1596 1947 1692 pecunie

543 1720 790 1816 quantitatem,
816 1743 862 1793 ex
878 1720 1052 1815 insperato
1070 1720 1161 1792 euim
1179 1720 1360 1792 exiverant
1373 1720 1419 1792 de
1434 1722 1554 1794 Parma
1568 1743 1613 1794 ne
1630 1721 1824 1794 involveret
1836 1731 1873 1792 ct
1887 1739 1946 1792 ca·

544 1842 747 1941 perstem),
768 1853 940 1916 venerunt
960 1843 1005 1917 de
1022 1845 1196 1916 Placentia
1215 1853 1251 1916 et
1263 1845 1481 1918 intraverunt
1496 1846 1670 1934 Parmam,
1689 1856 1725 1917 et
1738 1845 1947 1940 expulerunt

542 1980 677 2064 partem
694 1968 911 2063 imperatoris
925 1968 981 2039 die
992 1969 1054 2040 XV
1068 1969 1217 2041 intrante
1227 1969 1340 2062 junio.
1361 1969 1442 2040 Cum
1458 1979 1575 2041 autem
1582 1968 1627 2041 de
1637 1967 1809 2042 Placentia
1821 1989 1945 2063 perve-

543 2092 735 2165 nissentad
752 2093 868 2164 villam
883 2092 1023 2182 Nuccti,
1052 2092 1088 2163 in
1110 2093 1262 2186 quodam
1290 2093 1387 2186 pinto
1404 2089 1455 2189 (a)
1474 2093 1673 2186 congregati
1702 2102 1739 2164 et
1764 2093 1888 2164 armati
1911 2091 1945 2162 in

543 2217 656 2309 equis,
670 2215 865 2288 concionati
877 2225 958 2287 sunt
970 2216 1018 2287 ibi
1033 2226 1068 2286 et
1084 2217 1264 2308 elegerunt
1274 2216 1454 2289 dominum
1470 2216 1625 2309 Ugoncm
1638 2215 1682 2288 de
1695 2217 1822 2288 Sancto
1834 2215 1946 2288 Vitele

542 2362 644 2412 suum
662 2340 880 2435 capitaneum
903 2350 939 2411 et
960 2340 1207 2411 vexilliferum.
1232 2341 1315 2412 Erat
1332 2350 1450 2413 autem
1463 2339 1512 2412 ibi
1527 2339 1688 2412 dominus
1703 2338 1889 2412 Ghibertus
1901 2338 1945 2411 de

542 2461 673 2553 Gente,
691 2483 837 2554 magnus
850 2462 1074 2535 concionator
1092 2472 1128 2534 et
1140 2483 1288 2555 magnus
1304 2464 1516 2558 prolocutor,
1541 2463 1602 2556 qui
1620 2463 1670 2535 nit
1689 2489 1698 2534 ε
1729 2489 1747 2528 u
1774 2463 1837 2534 ffic
1866 2484 1945 2535 cum

545 2613 563 2652 s
582 2585 728 2658 inimicis
750 2586 877 2659 nostris
897 2585 1180 2677 congrediamur3
1206 2607 1328 2658 verum
1351 2586 1535 2657 Dominum
1548 2605 1794 2681 preponamus.
1816 2584 1946 2656 »Dixit

541 2722 657 2783 autem
683 2709 845 2784 dominus
873 2709 1047 2782 Gerardus
1074 2709 1119 2782 de
1146 2709 1282 2782 Ancili:
1312 2738 1330 2778 κ
1346 2710 1542 2781 Habeamus
1569 2709 1751 2782 audacium
1777 2720 1812 2781 et
1838 2710 1946 2782 simus

544 2836 693 2930 »parati
715 2843 777 2906 aut
794 2834 912 2906 vivere
928 2831 977 2930 (b)
991 2847 1051 2905 aut
1073 2834 1160 2906 mori
1183 2833 1330 2925 fortiter,
1354 2844 1389 2905 et
1402 2834 1519 2906 nullus
1532 2833 1727 2906 retrocedat
1738 2843 1800 2904 aut
1816 2854 1946 2927 pavore

545 2985 562 3026 a
583 2959 756 3031 tormidet.
777 2957 944 3030 Dominus
966 2957 1059 3029 enim
1079 2958 1115 3028 in
1137 2958 1284 3031 fortibus
1300 2958 1478 3030 dimicabit
1493 2966 1529 3030 et
1543 2957 1713 3030 auxilium
1728 2979 1831 3028 suum
1845 2957 1946 3030 vobis

544 3109 562 3150 »
582 3083 626 3155 de
648 3083 723 3154 celo
746 3067 936 3176 impendet.
955 3082 1127 3153 »Talibus
1155 3081 1260 3174 igitur
1284 3081 1502 3153 sermonibus
1525 3081 1685 3171 animati,
1715 3090 1889 3154 venerunt
1911 3091 1945 3152 et

541 3207 699 3278 feceruut
712 3227 876 3298 magnum
892 3206 1039 3301 prelium
1054 3226 1135 3278 cum
1148 3215 1318 3300 potestate
1335 3216 1370 3278 et
1384 3205 1549 3277 militibus
1562 3205 1704 3296 Parme,
1719 3205 1765 3278 ed
1778 3204 1946 3297 Durgbet·

542 3340 615 3402 tum
629 3331 673 3404 de
689 3331 777 3405 Taro
793 3329 852 3428 (c),
873 3340 908 3402 et
922 3330 969 3402 ibi
985 3330 1231 3402 interfecerunt
1243 3340 1449 3425 potestatem
1467 3330 1605 3421 Parme,
1623 3330 1754 3402 scilicet
1766 3329 1943 3402 dominum

540 3455 727 3526 Henricum
751 3457 889 3526 Testem
921 3454 965 3526 de
996 3454 1134 3544 Aratio,
1166 3454 1227 3547 qui
1249 3454 1315 3525 tuit
1341 3465 1444 3526 notus
1463 3464 1499 3526 et
1518 3454 1650 3526 amicus
1663 3475 1762 3536 meus
1775 3463 1812 3526 et
1824 3474 1944 3525 omnes

407 3591 408 3594 ’
540 3579 664 3650 iratres
679 3577 828 3649 minores
844 3577 964 3648 intime
976 3575 1159 3669 diligebat,
1179 3587 1213 3648 et
1229 3576 1372 3648 militem
1390 3599 1490 3648 suum
1506 3577 1662 3648 similiter
1678 3575 1940 3666 interfecerunt,

541 3712 576 3776 et
589 3702 768 3774 dominum
782 3702 1001 3775 Manlredum
1025 3701 1069 3773 de
1090 3701 1306 3792 Cornazano,
1332 3711 1367 3773 et
1383 3701 1562 3774 dominum
1575 3700 1749 3793 Ugonem,
1763 3699 1943 3773 dominum

489 3921 493 3924 -
539 3823 745 3917 Magnamtti
765 3823 810 3896 de
830 3821 1105 3912 Vincedominis,
1123 3832 1158 3894 ct
1172 3825 1289 3919 plures
1303 3823 1402 3896 alios.
1421 3824 1464 3895 Et
1477 3826 1542 3895 tuit
1556 3823 1605 3895 ibi
1616 3825 1817 3896 vulneratus
1830 3823 1942 3896 domi·

539 3971 606 4021 nus
630 3946 814 4022 Bartholus
834 3947 1084 4036 Tabernerius,
1107 3946 1167 4040 qui
1189 3948 1277 4042 fugit
1292 3948 1338 4019 ad
1353 3948 1491 4020 Costam
1507 3949 1682 4020 Meconem
1698 3970 1777 4021 cum
1798 3948 1941 4040 quibus·

539 4070 620 4143 dam
639 4071 710 4142 suis
726 4070 858 4142 amicis.
880 4070 923 4142 Et
941 4079 1023 4140 tunc
1038 4069 1241 4142 Thcutonici
1258 4071 1474 4166 imperatoris
1486 4071 1654 4144 dixerunt
1667 4071 1820 4144 bannitis
1837 4072 1944 4166 impe·

538 4195 689 4269 ratoris:
712 4221 729 4260 «
750 4193 874 4268 Venite
904 4193 949 4266 ad
979 4194 1136 4266 Parmam
1168 4203 1203 4266 et
1235 4195 1378 4291 capiatis
1408 4195 1584 4268 civitatem
1609 4217 1748 4286 secure,
1767 4196 1848 4290 quie
1872 4215 1942 4266 nou

526 4347 558 4418 ¹«
582 4319 782 4391 resistemus
797 4317 909 4390 vobis.
932 4345 949 4382 c
968 4317 1014 4388 Et
1033 4318 1260 4390 incontinenti
1279 4328 1451 4392 venerunt
1466 4318 1522 4391 isti
1538 4317 1665 4391 milites
1680 4320 1883 4391 Permcuses
1897 4316 1943 4389 ab

577 4493 622 4575 (c)
644 4494 856 4556 Veroslmlllter
867 4498 964 4572 prato.

577 4599 618 4681 (b)
640 4601 850 4662 Veroslmlllter
862 4600 984 4662 cimmo.

579 4706 618 4788 (c)
643 4707 679 4767 Iu
693 4707 793 4768 codice
811 4705 918 4781 Tauro,
932 4707 1020 4767 male.
