4306 5914
1046 623 1261 686 ruinnaldi
1285 623 1465 687 SECUNDI'
1763 626 1845 712 [am.
1863 631 1949 698 lata.

1494 917 1749 931 *nunu——

396 1194 411 1226 ¹¹
479 1214 486 1229 ·
599 1183 837 1292 Fridericus,
866 1183 1127 1268 Romanorum
1157 1183 1377 1292 imperator,
1405 1181 1560 1266 cuidam
1590 1183 1732 1269 civitati
1766 1188 1952 1274 llarchiae

548 1317 737 1428 significat
754 1345 795 1402 se
816 1318 892 1401 cito
916 1318 1061 1400 iturum
1086 1317 1135 1401 ad
1158 1329 1283 1426 partes
1303 1343 1458 1424 eorum,
1484 1317 1598 1402 rebus
1622 1319 1861 1406 Pedemontis
1887 1324 1952 1407 ubi

547 1460 689 1534 terram
720 1451 951 1534 marchionis
988 1450 1257 1538 Montislerrati
1289 1451 1491 1561 proditoris
1520 1453 1580 1536 sui
1611 1454 1879 1564 depopulatur,
1912 1457 1951 1538 in

546 1583 722 1694 proximo
739 1584 934 1695 expeditis.
1022 1587 1031 1600 “

628 1812 724 1896 (Edit.
738 1815 770 1875 ln
781 1813 866 1875 Petri
878 1811 913 1874 de
930 1813 996 1874 llio.
1010 1813 1108 1893 epist,
1123 1811 1176 1875 ltb.
1192 1812 1255 1893 111,
1272 1829 1338 1893 cap.
1354 1811 1497 1893 uxx1113
1511 1813 1580 1876 coll.
1595 1829 1663 1876 cum
1675 1815 1743 1878 cod.
1757 1815 1836 1880 aut.
1851 1819 1949 1882 Cesar.

665 1919 871 2002 Paris.‚socdr
883 1921 1086 1998 Norrcuame,
1099 1932 1132 1982 n·
1147 1919 1231 2000 tot.)

594 2121 731 2207 Quanta
744 2119 789 2193 sit
802 2118 884 2191 fidei
898 2125 1014 2190 vestre
1030 2117 1238 2208 constantia,
1252 2139 1358 2212 quam
1371 2140 1454 2212 erga
1469 2139 1534 2192 nos
1547 2129 1583 2192 et
1596 2120 1778 2216 imperium
1792 2133 1952 2220 prompta

544 2244 671 2318 mentis
692 2243 869 2317 alacritate
889 2242 1111 2338 protenditis,
1132 2241 1352 2315 evidentibus
1369 2265 1514 2339 operum
1532 2245 1781 2339 experimentis
1794 2249 1953 2340 agnosci·

546 2391 637 2461 mus,
651 2376 687 2441 et
700 2368 823 2440 crebra
833 2365 994 2439 Richardi
1008 2365 1142 2438 comitis
1153 2366 1309 2439 Tbcatini
1324 2366 1436 2440 fidelis
1449 2369 1556 2440 nostri
1571 2370 1694 2442 relatio
1708 2371 1883 2465 patefecit.
1896 2373 1952 2446 Ex

545 2515 616 2589 quo
637 2492 855 2591 synceritatis
873 2501 988 2563 vestra
1010 2493 1122 2563 zelum
1139 2501 1235 2563 tanto
1250 2491 1510 2564 fecundioribus
1529 2493 1638 2565 titulis
1653 2494 1795 2566 laudum
1812 2498 1951 2569 extolli·

545 2641 637 2709 mus,
650 2627 781 2712 quanto
796 2616 1010 2713 presentium
1026 2616 1249 2708 negociorum
1265 2626 1300 2689 et
1317 2625 1510 2712 temporum
1527 2617 1692 2710 qualitate
1708 2631 1865 2713 pensata,
1876 2643 1954 2714 gra-

544 2746 634 2818 tiora
648 2763 742 2814 nunc
756 2750 953 2814 nostrorum
970 2738 1126 2812 fidelium
1142 2741 1307 2834 obsequia
1323 2751 1542 2837 reputantes,
1562 2741 1782 2814 devotionem
1798 2757 1950 2818 vestram

544 2889 725 2967 synceram
734 2866 769 2938 in
778 2866 939 2938 omnibus
950 2864 1136 2937 firmiorem
1151 2887 1213 2960 pre
1227 2865 1304 2937 aliis
1315 2866 1351 2936 in
1361 2865 1431 2938 lide
1441 2866 1550 2938 nostri
1564 2867 1725 2939 culminis
1736 2869 1949 2965 experimur.

544 2995 629 3068 Cum
645 2992 751 3086 igitur
765 2992 801 3063 in
815 2990 971 3087 partibus
986 2989 1222 3079 Pedemontis,
1243 2989 1303 3061 ubi
1320 2999 1447 3062 terram
1462 2991 1670 3065 marchionis
1690 2993 1949 3086 Montislerrati,

544 3117 730 3215 proditoris
745 3115 855 3188 nostri
868 3111 936 3211 (l),
955 3113 1119 3186 continue
1136 3113 1396 3209 depopulationi
1412 3115 1628 3207 subjicimus,
1646 3126 1685 3188 ut
1699 3116 1835 3211 singula
1849 3120 1952 3192 nobis

543 3243 589 3316 nd
605 3243 770 3339 placitum
783 3249 881 3334 grata
894 3239 1111 3311 successione
1125 3239 1372 3334 respondeant,
1391 3239 1564 3335 expeditis
1577 3241 1612 3311 in
1629 3242 1789 3338 proximo
1805 3244 1950 3336 quibus-

543 3370 625 3443 dam
646 3367 764 3441 arduis
781 3377 817 3439 et
834 3366 968 3459 magnis
989 3366 1077 3437 sacri
1101 3365 1235 3461 imperii
1255 3365 1425 3458 negociis,
1446 3387 1510 3461 pro
1525 3367 1653 3459 quibus
1672 3368 1802 3441 ibidem
1818 3392 1950 3443 moram

543 3493 737 3568 necessario
754 3492 933 3584 bucusque
948 3489 1202 3586 protraximus,
1221 3489 1506 3563 considerationis
1526 3501 1643 3564 nostre
1661 3492 1806 3566 intuitus
1822 3494 1951 3587 diriga-

544 3628 614 3710 tur,
634 3627 820 3714 partesque
842 3616 935 3712 ipsas
952 3613 1136 3687 victoriose
1154 3623 1312 3710 repetere
1328 3612 1471 3686 firmiter
1485 3615 1726 3711 disponamus;
1746 3615 1949 3692 fidelitatem

543 3754 710 3833 vestram,
728 3742 773 3816 de
796 3763 866 3836 qua
886 3741 988 3837 plene
1009 3738 1228 3831 confidimus,
1246 3762 1428 3813 monemus
1443 3749 1574 3814 attente
1596 3741 1800 3814 mandantes
1824 3754 1948 3836 quate-

542 3891 610 3944 nus
625 3871 670 3943 de
688 3867 779 3941 lelici
800 3867 955 3940 adventu
970 3872 1107 3956 nostro,
1127 3886 1231 3958 quem
1246 3865 1347 3938 vobis
1365 3866 1562 3959 proximum
1581 3866 1796 3960 pollicemur,
1814 3867 1949 3941 firmam

543 3994 706 4069 fiduciam
722 3991 930 4081 obtinentes,
949 3989 1154 4062 sicinterim
1177 3989 1213 4060 in
1229 3987 1299 4061 tide
1319 3998 1437 4061 nostra
1459 3989 1552 4061 vires
1571 4000 1606 4061 et
1621 3991 1755 4063 animos
1770 3994 1946 4086 augeatis,

542 4121 638 4216 quod
650 4117 830 4191 vobiscum
843 4114 981 4211 placida
995 4113 1129 4186 visione
1140 4123 1332 4209 presentes,
1348 4112 1570 4187 devotionem
1586 4124 1737 4188 vestram
1753 4137 1816 4210 pro
1838 4118 1948 4190 meri-

543 4246 586 4318 tis
601 4241 763 4342 prosequi
778 4237 1168 4330 valeamus-effectibus,
1188 4246 1223 4310 ct
1242 4237 1288 4309 ad
1310 4247 1437 4310 statum
1460 4249 1615 4311 vestram
1637 4238 1752 4334 dignis
1773 4240 1948 4314 beneficiis

542 4368 779 4469 ampliandum
795 4365 894 4462 quasi
907 4385 970 4462 per
983 4363 1139 4437 debitum
1154 4362 1354 4438 invitemur.

579 4683 616 4759 (t)
633 4681 687 4740 lete
705 4678 801 4738 nobilis
818 4691 912 4736 mense
927 4674 996 4751 julio
1017 4676 1087 4734 tate
1106 4672 1260 4750 imperatori
1279 4671 1481 4747 reconciliatus,
1500 4673 1536 4734 ad
1554 4679 1659 4750 partem
1678 4674 1819 4736 adremon
1840 4675 1948 4736 ineunte

543 4797 615 4842 anno
628 4779 699 4841 tart
712 4777 799 4837 denuo
812 4775 1002 4835 declinaverat.
