4310 5908
222 584 323 644 lumen
339 582 384 664 8.]
669 583 866 645 HISTORIA
890 580 1188 644 DlPLOMleCA.
1570 583 1629 644 763

272 719 311 789 ln
339 717 628 790 nomineDomini
642 719 724 790 Jesu
742 719 880 810 Christi,
910 740 1003 791 anno
1027 719 1074 790 ab
1096 717 1332 790 incarnatione
1354 719 1429 810 ejus
1449 718 1625 812 Mucuvl,

224 863 344 912 mense
359 841 485 931 madii,
503 841 760 936 quartodecimo
776 843 990 929 indictionis,
1006 852 1173 935 regnante
1190 841 1331 913 domiuo
1346 850 1464 912 nostro
1478 842 1628 916 Corrado

223 964 377 1037 secundo
388 965 450 1036 Dei
461 965 569 1057 gratia
585 966 961 1038 HierusalemetSicilie
972 975 1100 1058 regest
1113 966 1202 1038 dnce
1215 965 1341 1036 Suevie
1354 966 1625 1056 annosecundo,

222 1089 369 1160 feliciter
385 1109 500 1160 amen.
530 1090 601 1160 Nos
620 1089 822 1162 Thomasius
837 1090 980 1164 Gentibs
997 1110 1120 1182 magne
1145 1088 1239 1181 regie
1256 1099 1291 1158 et
1310 1087 1509 1183 principalis
1532 1089 1627 1161 curie

221 1209 387 1304 magister
396 1212 601 1304 justitiarius
622 1223 657 1284 et
674 1214 835 1286 Nicolaus
849 1215 893 1287 de
907 1216 1019 1286 Trano
1034 1212 1188 1306 ejusdem
1207 1211 1300 1282 enne
1312 1212 1444 1304 judex,
1457 1213 1626 1306 presentis

220 1335 339 1430 scripti
356 1334 446 1408 serie
465 1336 681 1408 declaramus
696 1338 884 1431 quodcum
898 1338 982 1409 olim
996 1337 1242 1409 denunciatum
1260 1344 1351 1406 esset
1366 1357 1429 1431 per
1447 1337 1626 1409 dominnm

219 1436 407 1551 bogerium
432 1471 689 1553 procuratorem
711 1472 751 1532 ut
767 1461 922 1534 constitit
937 1461 1077 1532 domine
1093 1459 1300 1552 Rigandasie
1316 1459 1436 1530 uxoris
1450 1461 1625 1553 quondam

220 1581 353 1656 domini
370 1582 449 1653 Julii
471 1582 517 1655 de
540 1583 699 1675 anglona
723 1584 863 1657 domino
884 1584 1036 1657 lloberto
1053 1584 1097 1657 de
1122 1584 1366 1677 Petrapervata
1386 1581 1438 1681 (a)
1461 1593 1495 1655 et
1514 1585 1625 1676 judici

218 1707 321 1802 Petro
337 1705 382 1779 de
400 1708 569 1798 Potentia,
588 1709 724 1780 statutis
738 1731 802 1805 per
819 1708 1035 1804 imperialem
1053 1707 1296 1780 excellentiam
1319 1707 1625 1798 reintegratoribus

219 1830 404 1902 feudorum
419 1831 456 1901 in
471 1831 685 1926 Capitanata,
705 1832 800 1925 quod
817 1832 927 1905 abbas
942 1841 978 1903 et
994 1840 1187 1903 conventus
1205 1831 1402 1902 monasterii
1419 1833 1544 1904 Sancte
1555 1835 1624 1904 He-

218 1953 300 2026 lene
315 1951 369 2050 (l)
391 1976 455 2048 pro
471 1965 569 2049 parte
586 1957 693 2052 ipsius
711 1956 910 2028 monasterii
927 1956 1093 2028 tenebant
1108 1965 1142 2026 et
1154 1955 1377 2049 possidebant
1393 1958 1506 2028 casale
1523 1958 1623 2028 Mon·

219 2077 261 2148 b's
278 2077 373 2148 Calvi
389 2087 425 2149 el
437 2079 550 2150 casale
563 2079 744 2151 lonniculi
759 2101 838 2152 cum
855 2079 1052 2151 tenimentis
1068 2100 1188 2150 eornm
1203 2099 1272 2171 que
1288 2089 1388 2150 erant
1400 2078 1445 2150 de
1461 2079 1623 2153 demanio

217 2201 323 2271 castri
336 2201 486 2291 laureti,
505 2202 601 2294 quod
615 2213 765 2274 castrum
781 2213 833 2276 est
844 2203 998 2299 predicte
1017 2202 1371 2292 dominelligandasie
1384 2203 1624 2299 etspecialiter

217 2323 264 2395 ad
281 2324 426 2396 feudum
439 2324 549 2420 ipsius
564 2327 667 2398 castri
685 2336 720 2398 et
733 2326 779 2398 ad
795 2327 905 2421 ipsam
915 2326 1093 2399 dominam
1101 2325 1344 2418 Rigandasiam
1354 2327 1459 2421 pleno
1467 2329 1562 2420 jure,
1581 2349 1623 2400 ac

215 2458 355 2541 peteret
363 2448 457 2521 idem
470 2460 672 2545 procurator
686 2473 749 2546 pro
761 2461 859 2546 parte
873 2451 980 2546 ipsius
994 2451 1134 2523 domine
1148 2461 1273 2522 cuncta
1284 2451 1410 2522 casalia
1424 2471 1445 2522 a
1458 2453 1623 2546 predictis

216 2572 345 2644 abbate
372 2582 409 2644 st
433 2585 608 2646 conventu
635 2575 701 2648 sibi
720 2576 854 2648 restitui
873 2585 910 2648 et
925 2576 1039 2672 ipsum
1055 2575 1198 2648 seudum
1214 2575 1317 2646 castri
1338 2575 1477 2647 laureti
1494 2577 1622 2648 reinte-

215 2695 323 2787 grari,
340 2717 419 2768 cum
434 2698 565 2770 diceret
579 2699 692 2794 ipsum
709 2721 784 2772 esse
799 2700 844 2772 de
858 2699 958 2771 dictis
974 2699 1145 2772 casalibus
1152 2698 1378 2788 diminutum,
1394 2699 1622 2792 reintegrato-

215 2841 272 2892 res
298 2821 444 2915 predicti
466 2833 606 2918 recepta
629 2824 785 2918 predicta
803 2824 1068 2896 denunciatione
1084 2823 1264 2898 dominum
1280 2823 1442 2896 Milonem
1459 2823 1622 2896 abbatem

216 2939 364 3033 predicti
393 2943 592 3016 monasterii
615 2952 650 3015 et
673 2951 883 3015 conventum
907 2944 1013 3015 citare
1039 2944 1197 3015 lecerunt
1218 2952 1258 3014 ul
1276 2964 1340 3038 pro
1365 2963 1402 3014 se
1419 2952 1623 3039 procurator

216 3063 372 3136 sindicus
385 3066 442 3137 vel
458 3075 555 3138 actor
570 3066 781 3138 sufficienter
791 3067 978 3137 instructus
997 3088 1115 3139 coram
1132 3066 1182 3138 eis
1199 3067 1347 3138 incerto
1364 3066 1512 3138 termino
1526 3089 1623 3140 com·

216 3197 371 3282 pareret,
390 3198 430 3260 ut
445 3198 592 3282 utraque
605 3199 703 3286 parte
717 3211 821 3285 super
837 3190 960 3262 eadem
974 3188 1241 3263 denunciatione
1257 3184 1441 3286 [litigante]
1453 3190 1622 3284 procede·

215 3320 314 3382 retur
328 3320 369 3382 ut
384 3311 583 3384 deberetur.
607 3315 646 3386 ln
666 3335 736 3407 quo
755 3313 901 3386 termino
919 3313 1114 3410 comparuit
1134 3333 1250 3386 coram
1271 3313 1321 3385 eis
1344 3312 1506 3386 dominus
1521 3314 1621 3385 Enri-

214 3454 277 3506 cus
293 3436 486 3509 monachus
504 3437 587 3510 dicti
607 3439 818 3530 monasterii,
836 3447 1040 3534 procurator
1056 3438 1209 3511 sindicus
1228 3439 1286 3510 vel
1305 3448 1403 3511 actor
1420 3460 1439 3510 a
1459 3438 1623 3533 predictis

216 3559 344 3632 abbate
360 3569 396 3632 et
418 3571 592 3633 conventu
616 3562 769 3654 legitime
794 3563 1000 3635 constitutus
1017 3571 1057 3633 ut
1073 3561 1239 3651 constitit,
1263 3570 1298 3633 et
1324 3563 1416 3633 lacta
1436 3562 1501 3634 sibi
1523 3563 1624 3659 copia

215 3681 494 3757 denunciationis
509 3686 729 3780 precedentis
744 3696 778 3758 et
792 3687 916 3758 oblatis
933 3684 1142 3781 quibusdam
1160 3684 1314 3756 articulis
1336 3684 1383 3756 ad
1403 3686 1622 3780 probandum

215 3827 235 3878 a
250 3817 477 3902 procuratore
498 3808 654 3905 predicte
669 3809 809 3883 domine
822 3831 885 3906 per
901 3809 998 3903 quod
1012 3808 1214 3881 intendebat
1228 3809 1436 3882 denunciata
1452 3812 1620 3906 probare,

215 3951 278 4025 per
307 3930 576 4024 reintegratores
605 3934 747 4006 eosdem
770 3934 836 4006 luit
862 3935 954 4007 idem
981 3933 1127 4006 linricus
1150 3933 1381 4027 interrogatus
1403 3934 1449 4005 de
1475 3934 1622 4007 veritate

216 4052 364 4128 dicenda
376 4108 387 4146 ,
410 4057 580 4152 corporali
605 4057 702 4153 prius
728 4058 917 4131 abeodem
938 4056 1144 4130 auctoritate
1163 4056 1225 4128 Dei
1253 4057 1451 4148 evangelica
1479 4057 1622 4150 prestito

213 4177 434 4270 juramento,
458 4188 494 4252 et
511 4179 689 4253 confessus
707 4192 760 4252 est
781 4181 897 4255 omnia
921 4190 957 4254 et
973 4180 1109 4274 singula
1127 4181 1246 4273 quein
1264 4179 1419 4276 predicta
1434 4179 1622 4252 denuncia-

255 4367 298 4449 (α)
320 4371 523 4434 Varlslmlllter
537 4372 782 4454 Piolropcnaata.

252 4686 287 4762 u)
304 4686 512 4748 emesam
525 4690 810 4750 amatorculos.
