4318 5904
776 580 1095 644 ADMTAMENTA.
1580 585 1643 650 933

230 725 430 798 habuerunt
454 741 518 818 pro
539 719 633 794 bono
653 717 728 792 loro
752 717 826 790 siva
847 726 1000 791 mercato
1023 729 1059 790 et
1081 729 1367 814 asportaverunt,
1382 721 1641 796 videlicetvasa

226 868 338 920 aurea
354 854 390 920 et
404 854 584 939 argentea,
604 861 775 936 gemmas,
791 840 952 931 uniones,
968 842 1187 935 margaritas,
1205 854 1260 916 eto
1264 897 1639 918 ..........

286 1544 519 1648 Fridericus,
545 1543 807 1627 Romanorum
826 1542 1046 1650 imperator,
1066 1543 1225 1624 mandat
1241 1543 1444 1627 comitibus
1461 1553 1499 1628 et
1520 1544 1641 1629 nobi·
1668 1551 1848 1659 mm„

230 1677 334 1762 libus
359 1677 470 1788 regni
495 1676 644 1759 Siciliae
670 1687 712 1759 ut
733 1685 868 1784 parent
894 1701 935 1758 se
964 1676 1013 1757 ad
1042 1676 1324 1784 procedendum
1349 1688 1497 1760 armata
1523 1703 1641 1762 manu
1714 1691 1717 1696 ’

230 1820 367 1894 conba
383 1809 543 1894 rebelles
563 1809 732 1919 imperii,
758 1808 939 1891 nuntians
955 1807 1154 1890 victoriam
1172 1807 1220 1891 de
1238 1807 1454 1892 infidelibus
1472 1810 1512 1890 in
1531 1811 1641 1893 Mar-

230 1941 319 2024 ohia
341 1952 571 2052 reportatam
590 1950 628 2025 et
645 1940 859 2048 captionem
880 1940 1049 2024 Civitatis
1067 1939 1204 2024 Novae.

316 2156 413 2237 (Edit.
426 2159 458 2217 ln
472 2157 556 2218 Patri
567 2153 603 2216 dc
618 2155 686 2216 Vin.
700 2151 826 2234 spitui„
842 2155 894 2216 ltb.
910 2154 956 2231 11,
971 2171 1037 2232 cap.
1055 2155 1126 2232 XV;
1141 2156 1209 2216 coll.
1225 2172 1292 2216 cum
1311 2155 1435 2217 oodlolb.
1450 2155 1527 2218 Btbl.
1541 2157 1639 2219 Cesar.

353 2265 460 2340 Parin,
469 2261 562 2344 sondt
575 2260 817 2325 SaintGermain
831 2258 955 2340 Hartay,
970 2273 1006 2321 nt
1018 2271 1093 2332 ⁴⁵⁵3
1103 2259 1195 2342 sends
1211 2263 1420 2338 Notre-Damc,
1437 2263 1470 2323 η’
1485 2273 1559 2334 ποις
1573 2280 1640 2325 ane.

345 2367 438 2450 sondr
451 2366 539 2447 turin,
555 2378 645 2448 8567,
668 2377 718 2442 tto,
739 2367 788 2428 ubl
807 2367 948 2429 rubrica:
965 2367 1136 2428 Frederirnr
1155 2368 1340 2428 universitati
1351 2367 1502 2448 Neapolis,
1523 2377 1555 2431 et
1573 2387 1643 2430 cum

354 2475 454 2536 codice
478 2474 555 2535 Bibl.
578 2475 688 2547 Vatia,
706 2483 740 2533 n·
757 2481 847 2548 taor,
863 2472 916 2534 ubl
933 2474 1025 2535 attera
1044 2474 1163 2536 rubrica
1183 2491 1192 2534 r
1213 2474 1257 2534 De
1274 2476 1490 2554 recuperatione
1509 2477 1643 2538 Civitatis

354 2581 451 2644 Norae
460 2588 489 2643 at
501 2581 632 2662 caprum
644 2577 827 2660 moturum)

283 2767 386 2856 Quod
405 2791 510 2842 cause
537 2778 654 2842 nostre
678 2769 854 2862 justiciam
878 2767 1091 2863 dispensatio
1119 2771 1270 2862 superna
1297 2768 1474 2862 respiciat,
1499 2769 1643 2864 potestis

235 2893 450 2967 evidentium
477 2906 761 2988 argumentorum
781 2892 1022 2988 experimento
1056 2891 1237 2984 colligere,
1262 2891 1347 2965 dum
1372 2902 1488 2988 preter
1517 2915 1642 2987 quam-

235 3020 353 3116 plures
378 3040 426 3091 ex
444 3018 602 3091 hostibus
622 3018 750 3091 nostris
770 3019 831 3112 qui
846 3018 977 3090 diutius
997 3017 1196 3090 omnimodo
1214 3038 1284 3089 non
1305 3018 1435 3110 absque
1455 3019 1644 3090 materialis

235 3143 342 3236 gladii
362 3142 555 3216 vibratione
574 3142 754 3214 decertant
771 3140 839 3239 (u),
857 3142 958 3214 multi
976 3163 1023 3214 ex
1039 3141 1097 3232 iis,
1115 3152 1155 3214 ut
1169 3143 1290 3236 culpas
1305 3142 1462 3236 proprias
1475 3145 1645 3237 penaliter

236 3267 392 3357 doleant,
417 3267 453 3339 in
480 3265 597 3361 laquei
618 3267 726 3338 nostri
749 3277 929 3362 capturam
957 3265 1198 3338 miserabiliter
1219 3264 1394 3357 incidunt,
1414 3277 1449 3338 et
1464 3268 1640 3358 nonnulli,

235 3412 323 3486 quos
343 3390 538 3462 emulorum
566 3389 741 3462 interdum
767 3389 942 3481 suggestio
970 3387 1164 3483 perniciosa
1187 3387 1373 3479 subvertit,
1400 3389 1537 3484 plenius
1561 3391 1644 3462 esti·

236 3524 372 3588 mantes
386 3512 660 3586 misericordiam
673 3533 820 3607 querere
840 3534 946 3606 quam
965 3520 1150 3606 expectare
1163 3511 1350 3604 judicium,
1366 3512 1413 3584 ad
1430 3513 1543 3584 sinum
1560 3536 1643 3586 nos·

237 3651 289 3712 tre
313 3637 469 3734 potentie
492 3637 671 3733 spontanei
696 3646 930 3709 revertuntur.
949 3635 1049 3709 Scitis
1071 3634 1200 3707 etenim
1218 3635 1368 3728 qualiter
1387 3634 1556 3709 hactonus
1577 3639 1642 3709 ali·

236 3763 297 3857 qui
317 3761 507 3836 Marohiani
527 3759 574 3833 ad
598 3761 701 3832 salsas
722 3760 962 3853 suggestiones
980 3758 1151 3854 capitanei
1168 3755 1348 3856 [Ecclesia]
1366 3756 1418 3856 (l)
1440 3768 1475 3831 et
1496 3761 1643 3833 aliorum

234 3884 617 3981 pseudoprophetarum
636 3882 948 3976 evangelizantium
965 3883 1112 3955 verbum
1129 3904 1274 3975 guerre,
1292 3880 1409 3955 afidei
1421 3894 1538 3955 nostre
1564 3905 1644 3975 ges-

237 4008 328 4080 tibus
354 4007 577 4104 impudeuter
604 4018 828 4098 erraverunt,
854 4017 891 4078 et
919 4005 1052 4078 tamdiu
1079 4006 1171 4102 passi
1195 4014 1277 4077 sunt
1305 4026 1342 4077 se
1373 4004 1477 4098 hujus
1515 4007 1643 4080 erroris

275 4182 319 4266 (a)
339 4185 377 4246 Iu
389 4183 490 4246 oodtoa
503 4192 561 4244 ²02
573 4180 732 4264 decipiunt,
746 4199 842 4264 nequa
856 4181 972 4244 clarlus

270 4503 307 4577 (t)
321 4501 429 4560 Scilion
439 4499 564 4575 Hugolini
572 4500 607 4559 de
617 4498 728 4559 Novello
741 4499 788 4572 qui
800 4513 924 4556 unacum
932 4496 1060 4556 Pandolto
1073 4501 1102 4554 et
1112 4496 1248 4555 Matthaeo
1259 4496 1294 4555 de
1305 4496 1444 4557 Fasanella
1454 4503 1482 4557 at
1492 4501 1595 4560 tanobo
1608 4503 1643 4562 da

234 4595 443 4673 ltorra,Siu“liao
451 4597 620 4670 forbannitis,
628 4595 797 4656 Montanos
806 4595 941 4654 motans
954 4594 1129 4654 adhaerentes
1138 4593 1189 4652 sub
1201 4595 1359 4654 auctoritato
1367 4596 1509 4658 rmdinalia
1516 4600 1645 4675 Raynedi

234 4697 354 4772 mahat.
402 4749 405 4754 ,

312 4799 368 4865 Vl·
386 4813 443 4860 aar·
454 4812 476 4857 2.
1425 4802 1482 4856 tta
