4306 5914
507 535 567 596 636
1002 542 1216 604 Fatbsslttct
1240 542 1412 604 sacuam
1720 543 1803 628 [Aust.
1822 545 1908 606 12⁴8.

554 671 779 746 Discedentes
793 673 926 746 dudum
942 674 987 748 de
1000 697 1111 768 regno
1132 686 1249 748 nostro
1271 677 1429 766 feliciter,
1449 687 1627 772 presentes
1645 676 1774 750 ibidem
1792 678 1913 750 haberi

506 793 736 888 credidimus3
751 799 827 888 sed,
842 809 945 893 prout
959 800 1005 872 ab
1020 811 1167 896 experto
1183 800 1436 892 cognoscimus,
1449 801 1580 872 utinam
1597 783 1776 897 presentes
1788 801 1914 874 alicubi

508 941 570 992 seu
586 920 744 992 viventes
765 931 800 993 et
819 922 927 995 validi
948 919 1185 995 crederemur!
1205 923 1297 1010 Quin
1322 923 1437 1018 potius
1451 922 1567 1019 (quod
1585 925 1742 998 dolentes
1758 935 1794 996 et
1811 947 1912 998 vere·

509 1043 613 1116 eundi
639 1044 847 1142 referimus),
868 1054 1031 1138 tanquam
1047 1047 1076 1118 si
1092 1069 1155 1119 vos
1176 1056 1212 1118 et
1226 1045 1391 1118 officiales
1411 1047 1498 1120 alins
1518 1048 1638 1120 salutis
1658 1059 1693 1120 et
1712 1048 1782 1122 vite
1797 1058 1913 1122 nostro

509 1178 629 1240 cautos
654 1168 836 1240 solicitudo
861 1191 932 1240 uon
957 1169 1138 1258 redderet,
1160 1170 1352 1242 necessaria
1375 1169 1482 1243 victui
1507 1182 1625 1244 nostro
1647 1171 1855 1262 subducitis,
1874 1181 1914 1244 ut

509 1291 640 1363 nedum
656 1290 844 1364 honorifice
858 1292 1017 1382 vincere,
1035 1294 1098 1365 sed
1113 1293 1308 1366 necessario
1324 1293 1442 1366 vivere
1458 1315 1528 1366 non
1546 1294 1728 1390 possimus.
1745 1293 1800 1366 Ad
1817 1293 1913 1368 exci-

511 1415 653 1488 tandam
670 1417 775 1508 igitur
788 1427 940 1489 vestram
955 1425 991 1488 et
1005 1417 1152 1488 aliorum
1172 1427 1368 1490 nostrorum
1388 1417 1586 1490 officialium
1600 1427 1671 1490 tam
1686 1417 1914 1513 perniciosam

511 1539 619 1635 ipsius
639 1559 784 1634 persone
808 1549 925 1612 nostre
948 1540 1137 1629 desidiam,
1154 1540 1193 1612 P.
1215 1539 1449 1613 venerabilem
1472 1540 1672 1613 pactensem
1694 1543 1912 1636 episcopum,

512 1660 648 1735 fidelem
663 1673 834 1753 nostrum,
850 1663 886 1733 in
908 1684 1017 1756 regno
1036 1663 1250 1758 providimus
1270 1662 1527 1735 destinandum.
1543 1662 1599 1736 Ad
1615 1665 1714 1756 cujus
1726 1663 1916 1735 adventum

512 1796 630 1882 preter
657 1787 822 1860 mittentis
844 1787 1045 1882 imperium,
1073 1787 1175 1858 misse
1203 1807 1350 1881 persone
1371 1809 1436 1858 vos
1460 1787 1609 1878 qualitas
1632 1796 1792 1876 moveat,
1812 1807 1916 1881 mam

512 1914 610 1985 velut
623 1910 797 2004 obsequiis
819 1912 914 1983 curie
931 1920 1048 1982 nostre
1064 1911 1248 2006 perutilem
1264 1931 1286 1982 a
1302 1911 1428 1982 nostris
1441 1910 1638 2005 aspectibus
1651 1931 1850 2004 separamus
1861 1909 1916 1980 in·

388 2091 396 2104 .
513 2036 594 2126 viti,
618 2034 683 2106 nisi
702 2033 797 2128 quod
818 2055 860 2106 eo
881 2055 991 2128 usqne
1012 2055 1077 2106 nos
1099 2034 1285 2106 necessitas
1305 2035 1379 2127 ipsa
1400 2035 1623 2130 perduxerit,
1644 2033 1737 2126 quod
1763 2033 1917 2130 corporis

513 2160 622 2236 nostri
638 2170 773 2254 partem
789 2156 922 2254 (silleri
940 2167 1056 2252 posset
1068 2157 1265 2248 salubriter,
1286 2167 1322 2228 et
1337 2166 1460 2228 natura
1477 2153 1709 2252 permitteret)
1721 2156 1917 2229 necmsario

514 2283 724 2356 misissemus
737 2280 789 2379 (a)
796 2333 868 2353 .....
887 2279 984 2374 quod
1000 2291 1110 2354 totum
1128 2291 1164 2351 et
1180 2280 1353 2373 integrum
1376 2301 1396 2351 e
1419 2280 1535 2352 vicino
1553 2280 1654 2353 vobis
1667 2279 1823 2351 hilariter
1837 2301 1918 2352 cnm

515 2407 631 2502 palma
650 2404 844 2476 desiderate
861 2403 1004 2476 victorie
1018 2400 1193 2502 [reddere]
1210 2403 1425 2497 pollicemur.
1443 2402 1621 2496 Quidquid
1640 2402 1790 2497 denique
1806 2403 1918 2476 dictus

515 2528 698 2624 episcopus
713 2549 819 2623 super
841 2526 894 2598 his
915 2526 1014 2598 vobis
1031 2548 1077 2598 ex
1094 2535 1193 2621 parte
1205 2539 1325 2599 nostra
1338 2527 1466 2598 dixerit
1482 2537 1518 2598 et
1530 2525 1761 2620 mandaverit,
1779 2525 1917 2599 indubi-

515 2661 628 2727 tanter
646 2652 786 2724 credere
803 2661 838 2722 et
855 2649 1039 2722 ellioaciter
1054 2652 1291 2745 percomplere
1307 2651 1448 2723 curetis.

398 3293 443 3324 ,m
571 3219 661 3302 Otto
679 3241 806 3300 comes
824 3217 872 3297 de
889 3213 1083 3297 Eberstein
1112 3213 1243 3295 videns
1268 3235 1309 3292 se
1327 3235 1404 3293 non
1429 3235 1539 3318 posse
1563 3206 1763 3290 delendere
1780 3217 1920 3289 terrem

518 3343 692 3434 lustriae
717 3348 766 3431 nb
791 3346 996 3429 insultibus
1020 3346 1207 3452 hostium,
1238 3366 1327 3425 cum
1354 3341 1586 3451 quibusdam
1613 3337 1921 3422 ministerialibus

517 3495 555 3568 et
581 3482 726 3566 civibus
757 3481 954 3590 utriusque
981 3489 1103 3561 terrae
1126 3480 1176 3560 ad
1200 3477 1465 3585 imperatorem
1493 3471 1685 3582 repedavit
1709 3471 1920 3576 Veronam,

518 3641 673 3725 sperans
693 3613 742 3696 ab
765 3613 847 3720 ipso
870 3612 1059 3720 suscipere
1078 3621 1252 3718 nepotem
1277 3632 1390 3690 suum
1418 3604 1541 3687 filium
1558 3605 1736 3687 dominae
1762 3603 1920 3711 Merga-

517 3761 619 3831 retae
639 3746 812 3856 reginae,
832 3744 986 3828 nomine
1007 3742 1268 3848 Fredericum,
1287 3741 1326 3821 in
1351 3737 1558 3849 principem
1583 3748 1704 3820 terrae
1723 3735 1920 3840 lustriae,

519 3883 585 3964 sed
604 3905 692 3963 oum
712 3878 822 3962 sociis
841 3877 920 3959 suis
939 3902 1004 3985 spe
1029 3875 1233 3958 frustratus
1260 3884 1316 3956 est
1335 3871 1396 3982 (l)
1420 3882 1457 3953 et
1475 3871 1513 3950 in
1540 3870 1734 3953 Austriam
1761 3893 1839 3950 non
1865 3877 1922 3950 est

517 4039 704 4098 reversus.
728 4010 871 4094 Contio.
894 4007 1157 4092 Seuerucensis
1174 4009 1353 4103 secunda,
1377 4031 1440 4112 ap.
1460 4003 1597 4111 Pauca,
1617 4009 1776 4086 Monam.
1798 4007 1918 4084 aem.

519 4147 624 4254 alst,
644 4158 673 4227 t.
694 4143 762 4248 xl,
783 4169 823 4252 p.
844 4143 937 4224 642.

561 4331 603 4412 (e)
625 4333 672 4394 lbl
685 4331 828 4408 quaedam
843 4327 881 4389 nd
895 4343 1014 4388 sensnm
1026 4327 1148 4400 desum,
1163 4326 1284 4404 quaein
1298 4321 1489 4401 praecedente
1502 4319 1626 4398 eplstoln
1640 4320 1775 4396 repe-les.

558 4563 593 4636 (t)
611 4559 729 4618 Ulterius
746 4557 819 4616 enim
837 4555 952 4612 transire
969 4570 1058 4612 comes
1074 4570 1129 4612 non
1145 4553 1240 4628 potuit,
1265 4569 1281 4610 n
1298 4552 1421 4626 Philippo
1435 4549 1626 4622 salzburgense
1646 4547 1846 4622 archiepiscopo
1862 4551 1923 4603 ata

522 4657 677 4716 lombardis
691 4655 849 4729 impeditus,
860 4653 928 4710 sicut
941 4665 992 4709 nos
1005 4651 1153 4709 Perneldue
1167 4657 1196 4709 et
1205 4649 1355 4710 Chronicon
1365 4647 1568 4721 Sdieburzensa
1579 4651 1698 4704 monent.
