4310 5908
232 661 335 723 lsnrcr.
350 663 398 740 Ἄ]
686 651 882 715 HISTORIA
907 650 1203 715 utetotturtcs.
1583 653 1640 717 '151

235 797 389 870 tentibus
416 794 470 892 (l)
495 802 606 866 ratam
637 790 808 864 hebemus
836 801 872 862 et
893 787 1097 862 auctoritate
1123 788 1232 862 nostri
1255 787 1438 881 culminis,
1462 789 1559 863 salvo
1579 811 1644 886 per

234 921 351 994 omnia
369 922 450 1013 jure
479 916 633 1012 imperii,
659 913 922 1003 confirmamus3
949 912 1156 986 mandantes
1177 922 1219 984 ut
1238 914 1356 986 nullus
1378 913 1423 985 sit
1444 913 1505 1008 qui
1522 924 1642 988 eontra

234 1043 532 1118 confirmationem
553 1048 750 1136 presentem
773 1048 1001 1112 memoratum
1020 1058 1205 1110 commune
1220 1059 1326 1132 super
1337 1038 1514 1132 premissis
1530 1038 1641 1134 impe·

236 1170 310 1242 diat
322 1179 383 1241 aut
398 1168 596 1264 perturbet,
615 1165 711 1258 quod
722 1164 783 1257 qui
793 1161 1055 1258 presumpserit,
1070 1161 1344 1253 indignationem
1358 1163 1467 1234 nostri
1482 1163 1643 1236 culminis

236 1315 275 1365 se
289 1293 427 1366 noverit
439 1293 672 1364 incursurum.
690 1288 746 1361 Ad
762 1287 866 1380 hujus
879 1296 996 1359 autem
1013 1285 1282 1360 confirmationis
1295 1288 1498 1360 memoriam
1517 1296 1553 1362 et
1570 1297 1642 1360 sta·

235 1415 341 1490 bilem
362 1415 583 1507 firmitatem,
604 1434 748 1510 presens
768 1411 936 1506 scriptum
955 1432 1019 1507 per
1034 1411 1269 1507 Belpraudum
1292 1411 1338 1483 de
1358 1411 1518 1484 Cusentia
1541 1419 1642 1484 notu·

237 1541 326 1613 rium
355 1515 406 1613 et
422 1539 562 1613 fidelem
593 1547 750 1610 nostrum
781 1535 885 1608 scribi
909 1545 946 1607 et
974 1535 1086 1628 sigillo
1118 1535 1311 1628 mejestatis
1338 1545 1457 1608 nostre
1476 1536 1642 1628 jussimus

238 1663 455 1738 communiri.

283 1791 412 1861 Datum
439 1785 575 1880 Melfie,
600 1807 693 1859 anuo
715 1785 889 1858 dominice
919 1783 1165 1856 incarnationis
1194 1783 1378 1856 millesimo
1405 1783 1643 1858 ducentesimo

238 1913 502 2009 quadragesimo
540 1934 657 2005 nono,
692 1932 811 1984 meme
843 1911 998 2004 angusti,
1031 1909 1178 2004 septima
1212 1909 1417 1999 indictione,
1449 1908 1642 2005 imperante

238 2038 379 2111 domiuo
397 2037 562 2111 Federico
579 2035 642 2108 Dei
666 2036 777 2129 gratia
792 2034 1017 2107 invictissimo
1033 2034 1264 2105 Romanorum
1281 2033 1489 2128 imperatore
1505 2055 1643 2129 semper

237 2172 401 2256 augusto,
431 2161 622 2234 Jerusalem
646 2173 682 2230 et
709 2159 822 2232 Sicilie
847 2179 951 2251 rege,
974 2157 1110 2254 imperii
1132 2158 1208 2250 ejus
1228 2177 1322 2228 auno
1341 2155 1507 2248 vigesimo
1524 2177 1640 2246 nono,

238 2287 334 2379 regni
349 2307 434 2359 vero
448 2285 562 2358 Sicilie
581 2283 867 2379 quinquagesimo
882 2283 1008 2379 primo,
1029 2282 1186 2355 feliciter.
1203 2280 1329 2354 Amen.

449 2604 1426 2618 Ἥ-Μ

288 2903 520 3012 Frideriens,
540 2903 800 2990 Romanorum
822 2905 1043 3014 imperator,
1070 2902 1292 2988 Meinhardo
1315 2904 1446 2988 comiti
1472 2901 1642 2988 Goriciue
1713 2927 1736 3014 ,υ

237 3037 432 3146 capitaneo
455 3061 526 3120 suo
549 3037 591 3122 in
614 3037 739 3148 Styrie
759 3037 1020 3122 auctoritatem
1047 3036 1217 3122 concedit
1243 3036 1448 3148 recipiendi
1473 3048 1511 3124 et
1537 3036 1641 3124 fide-

237 3167 338 3252 libus
374 3171 454 3256 suis
483 3169 679 3280 obligandi
704 3170 834 3258 omnis
861 3170 963 3254 bone
987 3195 1086 3282 quae
1112 3170 1324 3280 patriarcha
1355 3170 1639 3284 aquilegensis,

238 3301 377 3385 electus
396 3302 683 3414 salzburgensis
701 3314 737 3386 et
756 3303 820 3385 ulii
838 3303 996 3414 praelati
1015 3303 1185 3386 infideles
1206 3303 1247 3384 iu
1267 3305 1393 3414 Styria
1409 3314 1447 3388 et
1465 3303 1643 3396 Garniols

238 3435 444 3544 possident.

319 3651 413 3726 (ltdtt.
433 3651 471 3712 eb
489 3651 639 3730 Eumr,
654 3650 785 3712 Mettum.
811 3647 993 3730 Tirolcueia;
1012 3669 1061 3730 ep.
1082 3651 1204 3731 Cum,
1227 3649 1463 3714 ottmetcleutr
1482 3649 1642 3716 Gctcdteltt·

349 3754 492 3838 sortclter,
504 3764 528 3818 t.
543 3759 571 3832 1,
584 3775 616 3835 p.
634 3755 716 3836 ero.)

283 3943 478 4015 Fridericus
496 3943 557 4013 Dei
578 3942 688 4036 gratie
707 3943 942 4015 Romanorum
969 3943 1158 4038 imperator
1177 3965 1317 4039 semper
1338 3957 1523 4040 augustus,
1542 3951 1643 4023 lem.

239 4066 346 4138 salem
362 4076 397 4138 et
414 4066 529 4139 Sicilie
546 4087 621 4139 rex.
642 4067 707 4138 Per
722 4087 864 4160 presens
881 4065 1046 4162 scriptum
1062 4077 1181 4139 notum
1200 4066 1277 4140 fleri
1293 4069 1452 4142 volumus
1473 4073 1643 4148 universis

273 4373 309 4448 (4)
328 4375 387 4434 Non
401 4379 492 4430 tamen
504 4372 550 4432 diu
564 4371 593 4430 in
610 4371 663 4430 fide
675 4371 845 4448 imperatoris
861 4373 995 4432 ltnoerete
1010 4376 1206 4448 perseveravit,
1220 4377 1286 4436 dum
1302 4376 1375 4436 illem
1388 4393 1451 4436 mox
1466 4379 1495 4436 in
1506 4377 1643 4440 Ecclesiae
1658 4437 1660 4442 .

238 4477 329 4544 partes
351 4484 511 4527 conversam
531 4469 698 4528 inveniamus
719 4486 753 4527 er
773 4470 868 4528 litteris
886 4471 1031 4529 cardinalis
1047 4473 1119 4530 Petri
1142 4471 1282 4546 Capoecii,
1301 4473 1372 4533 detis
1391 4476 1463 4551 apud
1482 4477 1643 4538 lleceratem

238 4569 301 4626 xv1
313 4565 443 4624 kulendes
454 4565 603 4624 decembris
614 4569 658 4640 (te
671 4567 746 4642 nou)
763 4570 843 4640 tute,
859 4569 958 4642 mribus
969 4570 1022 4628 iste
1034 4570 1137 4643 legatus
1147 4571 1300 4630 homininus
1313 4575 1463 4633 llaceratee
1475 4576 1645 4637 confirmarit

239 4672 337 4723 terram
352 4665 434 4722 castri
451 4665 565 4724 Lernaei
578 4665 650 4739 quod
665 4681 717 4739 ope
731 4666 955 4726 Theutouicorum
969 4673 997 4726 et
1013 4668 1233 4742 Semacenorum,
1246 4671 1372 4730 Friderici
1386 4674 1503 4733 teutores
1515 4682 1579 4734 tunc
1592 4691 1641 4751 pe·

239 4763 311 4821 nitus
324 4763 520 4822 destruxerant.
535 4763 574 4821 Cl.
588 4764 777 4834 consecrem,
794 4763 906 4836 Ibidem,
921 4783 949 4840 p.
964 4770 1026 4824 tto.
