4318 5904
791 590 1101 660 dubitantibus.
1591 597 1654 660 009

242 751 289 804 cx
310 753 352 804 co
371 730 468 826 quod
487 729 666 802 residuum
690 728 855 802 salarium
878 729 962 801 anni
989 730 1115 826 prelati
1135 729 1234 804 alteri
1257 731 1446 825 subrogato
1471 753 1534 828 per
1559 733 1654 828 ipsos

242 853 359 928 extitit
370 853 504 948 integre
520 854 750 949 persolutum.
766 853 896 927 Verum
912 875 991 925 cum
1006 875 1069 950 pro
1083 864 1182 950 parte
1197 854 1306 951 ipsius
1320 855 1468 929 civitatis
1483 856 1520 928 in
1534 866 1654 932 nostre

243 979 435 1071 majestatis
453 979 630 1074 presentia
653 987 868 1074 proponatur
893 997 930 1050 se
955 997 1059 1072 super
1083 979 1216 1052 eisdem
1240 980 1499 1070 gravaminibus
1523 1003 1545 1054 a
1571 1003 1653 1077 pre·

243 1103 338 1178 dicto
356 1103 530 1175 mandato
558 1111 618 1176 tuo
648 1102 695 1174 ad
726 1111 882 1174 nostram
915 1101 1128 1174 audientiam
1153 1104 1363 1199 appellasse;
1390 1103 1570 1178 devotioni
1594 1115 1654 1178 tue

243 1227 470 1325 precipiendo
491 1227 699 1299 mandamus
721 1235 910 1321 quatenus,
933 1226 963 1298 si
982 1227 1157 1322 premissis
1179 1228 1309 1300 veritas
1330 1228 1550 1322 suffragatur,
1570 1251 1654 1326 pro·

243 1371 379 1425 mesum
398 1361 509 1426 totum
523 1372 641 1424 coram
658 1360 692 1422 te
708 1349 865 1422 habitum
879 1350 925 1423 de
939 1351 1122 1445 predictis,
1139 1351 1206 1423 sub
1221 1353 1272 1424 tui
1290 1352 1516 1448 impressione
1534 1354 1651 1446 sigilli,

244 1486 361 1550 nostre
387 1477 481 1549 curie
503 1476 633 1549 debeas
655 1475 830 1548 destinare
855 1505 866 1548 s
891 1475 1005 1556 eidem
1029 1476 1160 1548 Thome
1182 1475 1407 1549 nihilominus
1428 1477 1654 1550 mandaturus

244 1611 286 1674 nt
300 1601 408 1674 alium
422 1621 623 1697 processum
642 1601 833 1693 questionis
847 1599 1018 1692 ejusdem,
1038 1621 1155 1672 coram
1174 1601 1249 1696 ipso
1267 1601 1444 1691 habitum,
1461 1602 1491 1672 si
1506 1602 1602 1702 apud
1620 1611 1655 1674 te

244 1748 316 1798 non
341 1727 445 1798 luerit
465 1747 530 1821 per
551 1748 632 1798 cum
654 1724 818 1797 videlicet
832 1724 879 1796 ad
894 1735 987 1796 tuam
1010 1724 1224 1797 audientiam
1242 1725 1474 1818 destinatum,
1496 1727 1656 1800 similiter

246 1861 343 1923 certo
371 1849 508 1946 prolixo
536 1850 683 1923 termino
703 1849 750 1922 ad
769 1859 923 1921 nostram
950 1849 1082 1921 curiam
1108 1849 1284 1922 destinare
1306 1860 1484 1945 procuret3
1515 1852 1655 1947 utrique

246 1976 338 2071 parti
355 1997 419 2071 par
440 1975 604 2070 teipsum
618 1983 715 2048 certo
732 1972 868 2070 profixo
887 1973 1035 2046 termino
1058 1994 1128 2066 quc
1147 1974 1213 2046 sub
1232 1975 1467 2070 peremptorio
1485 1996 1523 2046 se
1537 1985 1655 2048 nostre

245 2099 342 2171 curie
363 2108 615 2196 representem,
633 2099 669 2170 iu
686 2119 791 2170 causa
804 2097 928 2170 eadem
945 2098 1152 2194 processuri,
1172 2107 1274 2194 prout
1287 2099 1440 2194 postulat
1452 2098 1538 2171 ordo
1550 2098 1653 2190 juris.
1792 2121 1795 2128 ·

247 2224 415 2296 Volumus
431 2224 536 2296 etiam
552 2232 593 2294 ut
607 2223 652 2296 de
669 2222 726 2295 die
747 2221 920 2295 citationis
935 2233 972 2295 ct
989 2222 1138 2296 termino
1160 2221 1363 2318 prefigendo
1383 2222 1451 2295 tuis
1469 2222 1576 2296 literis
1593 2245 1656 2296 cu·

247 2347 336 2420 uam
362 2333 516 2420 nostram
539 2348 669 2421 debeas
695 2347 856 2440 edocere,
884 2357 919 2421 at
946 2348 1042 2443 quod
1070 2347 1303 2443 appellatione
1320 2348 1518 2443 pendente,
1535 2358 1657 2422 contra

249 2472 360 2569 ipsam
388 2472 672 2544 communitatem
701 2473 832 2543 nullam
864 2473 969 2544 iacias
998 2474 1055 2544 vel
1081 2471 1158 2544 lieri
1186 2473 1365 2568 permittas
1395 2473 1659 2567 quomodolibet

249 2596 458 2689 novitatem,
476 2618 555 2669 cum
571 2595 803 2692 appellatione
819 2595 994 2691 pendente
1009 2595 1096 2667 nihil
1117 2595 1245 2668 debeat
1262 2595 1435 2668 innovari.

305 3189 538 3301 Fridericus,
559 3189 820 3278 Romanorum
846 3191 1066 3304 imperator,
1086 3217 1157 3304 pro
1180 3191 1254 3276 lide
1281 3205 1320 3277 et
1341 3193 1538 3279 devotione
1556 3191 1656 3277 Gre—
1688 3216 1867 3326 ,⁸33pr

252 3327 509 3434 monensium,
530 3323 788 3411 ratambabet
812 3337 849 3410 et
874 3325 1076 3410 confirmat
1096 3327 1377 3411 concessionem
1403 3335 1526 3411 temne
1551 3323 1661 3412 Ron-

251 3458 383 3565 caroli‚
409 3488 526 3571 quam
554 3461 656 3544 filius
678 3488 772 3546 suus
802 3462 986 3545 chricus
1014 3487 1080 3544 rex
1108 3461 1323 3570 Sardiniae,
1344 3460 1493 3572 imperii
1511 3459 1661 3574 legatus

109 3635 111 3641 ι
252 3593 292 3674 iu
310 3593 418 3677 ltalia
433 3595 638 3706 generalis,
659 3595 804 3678 eisdem
818 3594 900 3706 jam
919 3594 1020 3678 iecit.

333 3806 437 3887 (lidld.
446 3809 534 3888 hujus
543 3810 688 3889 prlvllegll
700 3810 829 3871 ltallcam
838 3807 1002 3871 aculonem
1012 3807 1091 3870 llus.
1107 3805 1349 3885 Clurodlbtcr.
1359 3803 1392 3870 a·
1403 3806 1555 3885 Cremaste,
1565 3828 1597 3887 p.
1608 3819 1658 3872 to.

372 3913 455 3976 Licet
468 3917 610 3996 cdglnnle
624 3933 683 3977 nou
698 3924 839 3994 appareat
851 3917 899 3977 vel
911 3917 1014 3976 saltem
1029 3915 1104 3976 lllud
1117 3917 1250 3978 mremre
1262 3933 1325 3977 nun
1336 3919 1531 3994 potuerimus,
1548 3917 1664 3996 declus

374 4025 542 4084 elucerltate
552 4022 636 4084 nullu
649 4017 785 4084 dubletus
799 4021 955 4103 exoritur.)

301 4209 490 4303 Foderigo,
516 4210 704 4306 pangratio
726 4209 763 4282 di
788 4209 854 4282 Dio
870 4209 1078 4306 imperatore
1093 4209 1269 4300 Romano,
1287 4225 1326 4280 ra
1340 4207 1376 4280 di
1392 4207 1664 4282 Gierusalemme

256 4335 324 4409 edi
337 4334 471 4424 Sicilia,
490 4343 558 4408 etc.
574 4332 706 4406 Risulta
723 4333 868 4426 *agloria
884 4334 964 4407 dell'
978 4333 1118 4406 Altezua
1134 4332 1314 4428 imperiale
1327 4332 1352 4404 il
1366 4351 1664 4406 remunerarecon

244 4460 365 4533 -larori
396 4458 502 4552 dagni
529 4467 566 4531 et
594 4458 762 4553 ampliare
791 4475 857 4530 con
885 4457 970 4530 doni
992 4457 1029 4530 di
1051 4457 1222 4530 liberalite
1249 4458 1400 4550 gratiosa
1425 4457 1459 4528 la
1487 4457 1666 4530 divoticne

247 4582 311 4656 de'
327 4583 445 4675 fedeli,
459 4590 497 4656 et
511 4581 645 4655 nllbora
668 4605 734 4656 con
758 4582 916 4676 maggior
939 4581 1051 4675 gloria
1072 4581 1155 4655 vien
1180 4583 1342 4655 assaltata
1362 4584 1396 4654 la
1414 4581 1585 4654 liberalite
1601 4604 1667 4656 au·

253 4717 374 4802 mata,
397 4706 543 4802 quando
564 4727 635 4812 non
656 4723 720 4803 per
738 4707 875 4805 prieghi
896 4705 1169 4802 supplicbavcli‚
1196 4725 1254 4780 ma
1277 4729 1341 4804 per
1363 4706 1505 4804 proprio
1525 4716 1621 4782 moto
1638 4707 1670 4782 si

335 4833 389 4896 vl.
409 4857 500 4904 pm.
1452 4838 1508 4892 tls
