4310 5908
996 597 1210 661 rainnnrcr
1235 596 1409 660 succum
1714 595 1798 676 [sn.
1817 594 1903 657 raso.

330 1156 441 1255 m:
555 1153 781 1261 Fridericus,
802 1156 1060 1240 Romanomm
1078 1157 1299 1266 imperator,
1316 1154 1498 1238 Ubertum
1516 1151 1777 1236 marchionem
1796 1150 1908 1234 Pola-

500 1286 668 1370 vicinum
698 1313 769 1396 pro
798 1290 917 1398 gratis
947 1287 1030 1398 ejus
1062 1288 1222 1372 servitiis
1252 1299 1367 1397 atque
1402 1285 1584 1369 haeredes
1613 1295 1651 1368 et
1674 1308 1908 1367 successores

501 1420 584 1530 ejus
606 1419 657 1502 ab
679 1421 785 1504 omni
806 1421 989 1531 pedagio,
1018 1422 1213 1528 theloneo,
1242 1421 1399 1504 collecta
1426 1429 1464 1502 et
1487 1417 1708 1530 gravamine
1738 1415 1909 1527 quolibet

501 1553 646 1657 eximit,
670 1563 749 1636 tam
775 1554 815 1635 in
833 1554 1047 1638 civitatibus
1069 1555 1226 1660 Parma,
1254 1555 1441 1638 Cremona
1467 1563 1504 1636 et
1521 1551 1713 1636 Placentia
1730 1575 1849 1662 quam
1865 1549 1906 1630 in

502 1685 586 1768 aliis
622 1686 731 1769 terris
773 1687 1022 1770 Lombardiae
1057 1698 1095 1772 et
1124 1687 1302 1796 Tusciae,
1345 1687 1595 1796 camdemque
1630 1685 1906 1793 exemptionem

500 1818 719 1903 hominibus
741 1820 936 1904 massariis
962 1831 1000 1904 et
1025 1822 1074 1904 de
1088 1832 1263 1904 masnata
1285 1821 1325 1902 in
1347 1819 1491 1904 eisdem
1517 1819 1626 1904 terris
1647 1817 1906 1924 habitantibus

500 1953 685 2036 concedit.

583 2167 685 2246 (Eud.
700 2167 794 2242 Arno,
809 2170 887 2230 Stor.
903 2167 935 2229 o·
947 2169 1069 2246 Parma,
1084 2177 1109 2231 t.
1124 2169 1181 2242 111,
1197 2186 1225 2248 p.
1244 2179 1314 2248 887,
1330 2170 1363 2229 tn
1380 2167 1521 2247 append,
1535 2178 1569 2228 n·
1589 2167 1745 2242 Lxxxlr,
1764 2183 1782 2226 c
1800 2174 1905 2246 regest.

622 2275 757 2339 authent.
772 2277 853 2340 dom.
866 2278 1052 2356 Pattavtctnt‚
1068 2279 1168 2338 minus
1178 2285 1307 2338 correcta
1319 2279 1487 2354 pracserttm
1502 2278 1534 2337 tn
1548 2279 1690 2354 prooemto
1702 2275 1904 2353 transcrtpto.)

549 2460 733 2534 Federicus
748 2462 811 2534 Dei
824 2463 935 2555 gratia
950 2465 1185 2536 Romanorum
1194 2461 1383 2558 imperator
1390 2483 1528 2556 semper
1539 2470 1720 2553 augustus,
1732 2461 1906 2554 Hyerusa·

500 2588 569 2659 tem
583 2596 618 2660 et
635 2586 748 2660 Sicilie
763 2608 840 2678 rex,
856 2587 985 2660 Uberto
999 2587 1190 2660 marchioni
1201 2585 1398 2660 Pelavicino
1409 2583 1504 2659 fideli
1520 2607 1583 2658 sno
1599 2584 1745 2677 gratiam
1758 2605 1857 2656 suam
1871 2594 1907 2656 et

499 2712 627 2785 bonam
642 2713 871 2784 voluntatem.
886 2710 1058 2786 Beneficia
1073 2734 1169 2784 mera
1183 2721 1264 2784 sunt
1279 2711 1474 2806 principum
1487 2733 1557 2804 que
1571 2709 1694 2783 fideles
1708 2711 1907 2801 frequenter

499 2837 672 2910 continuis
700 2837 875 2930 obsequiis
897 2847 1153 2932 promerentur,
1179 2837 1288 2910 vetuti
1309 2836 1370 2932 qui
1396 2835 1524 2908 nultius
1537 2835 1751 2908 necessitatis
1764 2833 1906 2906 alterius

498 2962 654 3054 cogentis
676 2961 821 3056 imperio
840 2961 1078 3034 conferuntur.
1103 2963 1173 3035 Sed
1192 2961 1256 3034 etsi
1278 2961 1511 3033 benemeritos
1530 2958 1651 3033 fideles
1668 2958 1786 3031 debito
1806 2959 1906 3031 abac·

500 3085 602 3158 tionis
626 3085 765 3158 stimulo
793 3095 958 3181 prerupta
988 3097 1024 3158 et
1054 3085 1201 3181 provida
1229 3084 1433 3158 liberalitate
1460 3085 1714 3179 prosequimur,
1744 3081 1904 3156 beneficii

499 3225 627 3277 nomen
651 3215 713 3277 aut
740 3205 895 3277 debitum
928 3205 1088 3278 affectum
1110 3227 1180 3278 non
1208 3204 1344 3294 minuit,
1372 3225 1583 3298 quamquam
1606 3205 1664 3276 vel
1677 3203 1905 3276 accelerando

499 3328 680 3402 consilium
695 3330 752 3401 vel
766 3329 994 3422 germinando
1009 3330 1224 3425 propositum
1238 3337 1415 3402 estuantcs
1430 3329 1477 3402 ad
1489 3328 1637 3420 gratiam
1648 3337 1778 3420 augent
1790 3327 1905 3399 incen-

498 3454 621 3526 tivum.
638 3453 694 3525 Sic
706 3475 771 3526 nos
786 3475 873 3546 quos
889 3454 1076 3549 imperialis
1088 3454 1265 3546 dignitatis
1279 3453 1441 3549 auspiciis
1456 3453 1581 3527 ditavit
1593 3451 1738 3526 felicitas
1751 3453 1901 3542 fortune,

498 3575 658 3650 fidelibus
671 3575 905 3650 munificentie
918 3593 1036 3650 nostre
1049 3579 1230 3651 dexteram
1245 3577 1420 3673 aperimus
1436 3576 1483 3649 ad
1499 3576 1665 3668 singulos,
1684 3586 1788 3671 prout
1801 3575 1903 3648 obse·

497 3701 620 3796 qniosa
647 3700 832 3773 devotiono
854 3698 1009 3774 fidetium
1034 3701 1233 3774 invitamur.
1263 3701 1490 3776 Attendontes
1518 3701 1622 3794 igitur
1638 3700 1788 3794 qualiter
1815 3699 1905 3771 inter

496 3823 619 3899 fidelos
644 3833 795 3914 nostros,
822 3825 998 3921 potissime
1024 3825 1194 3920 presentis
1208 3825 1316 3898 felicis
1327 3824 1534 3898 discriminis
1559 3833 1777 3918 tempestate,
1798 3823 1903 3896 vitam

497 3959 593 4022 tuam
608 3949 731 4023 bellice
745 3951 882 4022 fortune
893 3951 1095 4043 frequenter
1106 3950 1296 4046 exposuisti
1307 3949 1469 4045 periculis
1492 3959 1528 4022 et
1552 3948 1787 4021 indesinenter
1798 3968 1904 4044 expo-

496 4093 580 4146 nere
596 4095 667 4146 non
682 4073 865 4164 formidas,
883 4073 930 4146 ad
945 4075 1203 4169 compensanda
1218 4073 1438 4148 servitiorum
1452 4083 1590 4144 tuomm
1605 4073 1728 4144 merita
1749 4071 1899 4163 accensi,

496 4204 545 4288 te,
559 4195 707 4270 heredes
716 4207 977 4270 etsuocessores
987 4207 1064 4269 tuos
1079 4219 1121 4269 ac
1127 4197 1382 4271 descendentes
1397 4198 1442 4270 ab
1454 4197 1504 4270 eis
1516 4197 1722 4270 auctoritate
1732 4195 1902 4292 imperiali

496 4331 597 4394 etex
620 4330 715 4394 certa
737 4321 881 4395 scientia
902 4331 938 4395 et
953 4322 998 4394 de
1020 4333 1138 4394 nostre
1152 4323 1368 4418 plenitudine
1386 4321 1567 4418 potestatis
1589 4321 1902 4416 aquibuscumque

495 4447 709 4538 muneribus,
726 4447 890 4520 oneribus
904 4447 1068 4538 reatibus,
1086 4448 1440 4542 personalibusatque
1450 4445 1568 4519 mixtis
1579 4466 1715 4518 necnon
1726 4444 1902 4538 aquibus·

496 4592 646 4665 cumque
657 4571 772 4663 datiis,
783 4571 954 4666 pedagiis,
967 4570 1348 4664 tbolonoisetgabeltis,
1361 4571 1486 4662 talleis,
1495 4570 1662 4656 collectis,
1672 4563 1900 4665 impositioni·

495 4694 575 4786 bus,
592 4695 733 4787 mutuis,
752 4695 1010 4788 gravaminibus
1027 4705 1063 4768 ct
1077 4695 1322 4770 vexationibus
1335 4715 1557 4792 quocumque
1567 4693 1708 4768 nomine
1720 4693 1777 4766 vel
1795 4713 1900 4766 voca·
