4306 5914
209 645 373 722 lauteni]
541 725 545 738 .
655 638 853 701 HISTORIA
878 639 1172 704 cletouanlca.
1455 683 1460 698 .
1556 635 1618 696 67¹1

210 789 399 868 cantemus,
410 785 593 873 postquam
607 775 734 848 multas
748 786 783 848 et
796 775 1007 871 periculosas
1023 776 1221 876 apostolice
1234 774 1333 848 Sedis
1348 771 1500 870 presidio
1509 771 1620 845 evasit

211 905 355 976 insidias
384 903 546 998 cepitque
574 900 682 973 libera
706 899 743 973 in
769 921 877 994 regno
897 902 972 997 ipso
993 903 1087 998 pleni
1107 902 1172 974 sibi
1192 901 1346 974 habenas
1369 898 1418 970 illi
1446 897 1619 969 tribuente

212 1029 356 1101 dominii
381 1026 582 1124 principari,
605 1025 654 1098 sic
679 1026 716 1098 in
739 1025 899 1121 superbie
920 1026 1139 1099 altitudinem
1164 1009 1217 1100 est
1241 1027 1351 1098 elatus
1378 1033 1414 1097 et
1438 1023 1473 1094 iu
1499 1021 1619 1094 sevitie

210 1153 434 1226 acerbitatem
458 1151 609 1244 obriguit
627 1151 722 1245 qnod
742 1150 786 1222 de
805 1149 1008 1222 humilitatis
1025 1151 1217 1224 substantia
1234 1151 1332 1242 cujus
1354 1147 1389 1221 in
1412 1147 1567 1220 adversis
1581 1169 1620 1220 se

211 1278 397 1350 simulabat
418 1276 568 1348 amicum
588 1285 625 1347 et
647 1275 691 1346 de
716 1274 938 1366 benignitatis
962 1259 1226 1347 mansuetudine
1245 1296 1349 1367 quam
1373 1271 1503 1344 blando
1523 1271 1621 1368 prius

211 1401 443 1474 mentiebatur
455 1399 595 1491 affectu,
610 1398 696 1470 nibil
712 1399 854 1471 omnino
868 1399 1020 1474 retinens
1031 1408 1066 1470 et
1077 1398 1257 1472 devirtute
1268 1397 1386 1469 divina
1398 1419 1468 1471 non
1481 1397 1621 1469 tremuit

210 1527 466 1618 humanamque
484 1523 705 1620 parvipendit
722 1524 930 1619 potentiam,
949 1533 985 1596 et
1003 1523 1170 1598 bonorem
1191 1523 1344 1596 Ecclesia
1363 1543 1405 1594 ac
1428 1521 1621 1616 libertatem

211 1650 392 1722 hominum
411 1648 494 1721 dicti
510 1649 609 1740 regni
626 1648 798 1720 tirannide
815 1648 1189 1745 furibundadepressit
1205 1647 1409 1744 plurimum,
1428 1645 1510 1718 olim
1530 1646 1621 1719 mitis

211 1775 246 1846 in
260 1774 395 1865 nubilo,
414 1773 476 1844 sed
494 1773 639 1844 nimium
657 1794 799 1844 severus
816 1783 893 1867 post
905 1773 1048 1845 modum
1060 1773 1436 1864 insereno,uerbornm
1449 1771 1621 1844 tuncdul·

212 1899 335 1971 cedine
355 1900 513 1989 melleus,
532 1899 595 1970 sed
612 1909 731 1994 postea
747 1877 869 1969 felleus
884 1899 1114 1971 amaritudine
1128 1919 1286 1994 operum,
1297 1905 1378 1970 ante
1390 1895 1620 1991 quidempro·

213 2022 384 2095 missionis
401 2022 639 2094 blandimento
654 2021 855 2094 multimode
873 2022 1009 2113 liniens,
1028 2022 1090 2094 sed
1106 2033 1282 2117 postremo
1299 2031 1339 2094 ut
1353 2021 1490 2116 scorpio
1504 2041 1621 2116 perse·

213 2147 363 2221 cutionis
381 2149 503 2220 aculeo
524 2147 598 2220 dire
615 2147 748 2219 ledens.
771 2147 823 2218 De
838 2146 1037 2242 multiplicis
1053 2147 1181 2219 etenim
1195 2146 1407 2219 necessitatis
1422 2153 1569 2238 angusto
1585 2145 1622 2216 in

213 2295 284 2368 quo
300 2273 407 2346 draco
423 2271 486 2344 iste
501 2273 648 2345 latuerat
664 2271 710 2344 ad
728 2271 901 2343 affluentis
915 2272 1091 2368 opulentia
1109 2271 1372 2368 amplitudinem
1396 2269 1573 2374 lamelicus
1588 2279 1624 2342 et

212 2396 409 2469 sitibundus
417 2395 706 2484 exiliens‚rabido
716 2396 807 2492 cepit
817 2417 878 2468 ore
892 2417 1040 2489 regnum
1049 2397 1180 2470 laniare
1189 2397 1522 2493 prefatum,carnem
1531 2383 1632 2467 illius

213 2543 330 2594 rerum
355 2543 497 2594 suarum
517 2522 647 2595 seilicet
669 2522 866 2594 ubertatem
888 2544 1096 2595 consumens
1116 2523 1152 2593 in
1175 2523 1290 2594 cibum
1311 2530 1347 2593 et
1366 2520 1570 2620 sanguinem
1587 2520 1624 2592 in

213 2656 334 2743 potum
361 2646 589 2738 exhauriens,
617 2646 797 2718 bominum
817 2647 981 2719 videlicet
996 2649 1071 2738 ejus
1085 2647 1207 2720 vitam.
1230 2647 1286 2718 Sic
1304 2666 1455 2740 namque
1473 2645 1509 2716 in
1531 2645 1623 2717 bona

215 2782 251 2845 et
274 2793 441 2868 mmonas
463 2770 570 2867 ipsius
593 2771 698 2844 anxia
722 2771 853 2844 exemit
865 2771 1019 2864 ingluvie
1035 2773 1131 2866 quod
1149 2770 1215 2844 bec
1231 2770 1415 2858 insatiabili
1436 2769 1624 2866 rapacitate

215 2896 417 2992 discerpens
431 2897 517 2967 illud
533 2895 622 2991 prob
638 2893 754 2968 dolorl
774 2897 868 2968 ferus
881 2897 960 2991 plns
974 2893 1626 2990 seraqualibetlerepenitusabsorbuit

215 3022 250 3092 in
261 3021 438 3114 utrisque,
454 2995 519 3093 nec
533 3043 663 3122 sexum
673 3043 739 3093 nec
751 3029 878 3092 etatem
894 3011 1009 3115 neque
1024 3021 1182 3093 ordinem
1198 3019 1467 3116 pretermittens.
1478 3020 1507 3091 0
1518 3040 1625 3113 quam

215 3145 389 3242 pestilenti
414 3147 540 3218 colono
562 3145 619 3218 hic
639 3167 722 3238 ager
745 3145 948 3217 commissus
971 3145 1087 3218 extitit
1108 3154 1178 3217 mm
1198 3144 1319 3217 fertilis
1335 3153 1370 3216 et
1383 3164 1548 3236 amenus,
1564 3144 1625 3238 qui

215 3292 395 3364 nunquam
419 3291 501 3342 eum
526 3269 644 3357 coluit,
674 3269 736 3340 sed
760 3291 898 3365 semper
913 3271 958 3342 de
976 3269 1052 3364 ipso
1067 3269 1226 3362 collegit3
1242 3291 1315 3341 non
1328 3268 1474 3341 adauxit
1489 3269 1625 3340 cultura

215 3415 367 3488 congrua
376 3395 508 3466 fructus
518 3395 605 3484 ejus,
617 3392 679 3465 sed
689 3393 803 3465 verius
822 3394 899 3465 illos
917 3393 1080 3466 indebitis
1093 3393 1246 3466 collectis
1260 3392 1439 3482 exhausit3
1452 3413 1624 3487 nusquam

215 3520 260 3592 ad
278 3518 555 3615 ipsumcultoris
573 3539 692 3590 curam
712 3517 889 3608 adhibuit,
905 3518 968 3590 sed
981 3518 1214 3590 curiositatem
1230 3517 1359 3591 assidui
1374 3517 1579 3590 collectoris.
1596 3517 1625 3588 0

171 3701 173 3704 .
215 3619 320 3738 quam
335 3663 498 3739 perverso
515 3642 640 3714 rectori
659 3651 792 3713 tantum
808 3663 850 3714 ac
866 3644 934 3715 tale
953 3643 1124 3715 creditum
1137 3642 1202 3714 luit
1213 3663 1374 3734 regnum,
1384 3641 1443 3735 qni
1459 3641 1531 3714 suis
1548 3650 1625 3714 tan·

217 3747 396 3841 tummodo
418 3766 594 3863 nephariis
614 3767 704 3840 volis
727 3767 879 3840 intentus
902 3768 1006 3864 impie
1026 3767 1076 3840 'ad
1096 3767 1188 3838 illius
1209 3747 1367 3863 prosiluit
1389 3765 1566 3839 excidium
1586 3777 1627 3840 ut

217 3915 317 3966 suum
337 3893 486 3965 lerinum
497 3893 653 3964 animum
665 3891 925 3966 inhumanitatis
938 3893 1151 3964 immanitate
1166 3893 1336 3986 placaret,
1348 3900 1491 3962 cunctos
1503 3889 1625 3985 utique

215 4019 378 4114 predaus,
396 4017 608 4110 gubernator
622 4017 805 4113 dissipans,
817 4017 978 4090 defensor
989 4017 1185 4109 offendens,
1201 4016 1276 4088 dux
1292 4014 1449 4106 devians,
1464 4013 1625 4111 princeps

214 4142 424 4237 precipitans
438 4151 472 4214 et
487 4163 550 4214 rex
565 4141 703 4214 rodens.
717 4144 791 4214 Heu
803 4143 919 4237 itaque
928 4138 1028 4244 lquia
1040 4142 1228 4233 gratiosum
1237 4151 1272 4212 et
1281 4139 1469 4236 pretiosum
1478 4161 1623 4231 regnum

214 4267 270 4340 cui
291 4267 487 4362 specialiter
506 4267 673 4339 Dominus
689 4267 725 4338 in
741 4267 901 4339 omnibus
916 4267 1163 4357 benedixerat,
1183 4267 1227 4339 de
1245 4267 1315 4338 allo
1331 4265 1440 4358 glorie
1462 4264 1623 4340 inimum
1719 4326 1725 4336 .

215 4391 349 4464 miserie
362 4391 504 4484 counit,
514 4392 580 4463 sub
594 4391 730 4464 inimice
740 4392 958 4464 adversitatis
970 4390 1124 4463 dominio
1136 4390 1240 4463 variis
1253 4387 1529 4462 tribulationibus
1543 4410 1624 4461 con-

217 4517 389 4588 tristatum
406 4507 501 4609 quod
519 4517 602 4588 olim
618 4538 665 4588 ex
685 4517 794 4588 amice
811 4516 1047 4613 prosperitatis
1068 4515 1179 4588 arrisu
1197 4514 1415 4586 affluentibus
1433 4513 1624 4586 commodis

219 4640 401 4714 letabatur.
419 4637 513 4713 Heul
533 4641 613 4736 qnia
634 4641 828 4738 speciosum
850 4664 994 4736 regnum
1017 4651 1112 4715 tanta
1134 4649 1304 4714 mutatum
1323 4637 1526 4712 alteratione
1548 4659 1623 4710 cer-

218 4765 309 4836 nitur
324 4765 420 4858 quod
434 4767 576 4841 omniuo
592 4785 664 4842 ase
678 4768 753 4864 ipso
769 4767 884 4864 priore
901 4767 1098 4864 discrepare
1111 4765 1263 4856 videtur,
1278 4762 1383 4839 etvix
1396 4760 1624 4858 illudquibcc

295 4888 349 4951 VI.
371 4904 459 4952 ema.
1424 4893 1462 4946 aa
