4310 5908
242 575 403 664 [aare]
692 573 1204 644 arsroaranrrconauca

637 929 750 994 ANNO
775 929 877 992 1250.
898 965 939 976 -
955 929 1203 994 tunicularia
1221 929 1251 992 8.

810 1165 1069 1177 ——n

298 1379 513 1494 Stephanus
544 1377 676 1490 Capud
702 1378 750 1465 de
778 1375 886 1464 Pieza
913 1377 962 1464 de
993 1375 1132 1463 Sancto
1162 1379 1374 1486 Germano,
1407 1379 1457 1462 ad
1484 1377 1646 1492 delega-
1700 1393 1827 1504 „qm

245 1515 388 1598 tionem
418 1512 562 1599 Nicolai
593 1507 723 1598 Rutuli
749 1511 956 1622 imperialis
982 1513 1155 1622 magistri
1186 1512 1383 1596 camerarii
1412 1514 1649 1625 Principatus

245 1658 284 1731 et
309 1649 445 1732 Terrae
466 1647 648 1754 Laboris,
665 1647 795 1756 uigore
819 1645 990 1729 mandati
1017 1645 1223 1755 imperialis
1250 1645 1359 1754 cujus
1386 1655 1492 1730 tenor
1509 1647 1649 1732 insoni-

246 1777 366 1886 bitur,
392 1778 573 1861 rescindit
599 1778 913 1888 permutationem
941 1778 1084 1860 factam
1106 1804 1175 1887 per
1200 1778 1398 1887 quondam
1423 1781 1649 1890 magistrum

245 1910 400 1994 Petrum
431 1911 481 1994 de
505 1911 624 1994 Vinea
655 1913 703 1995 de
734 1912 905 2021 quadam
932 1912 1048 1996 domo
1069 1911 1110 1992 in
1133 1911 1273 1996 Sancto
1297 1913 1507 2020 Germano,
1532 1939 1650 2022 quam

248 2045 464 2127 Gualterius
493 2071 620 2128 comes
641 2044 846 2154 Manupelli
877 2045 1004 2128 eidem
1038 2046 1149 2128 Petro
1173 2045 1331 2130 dederat
1346 2055 1383 2128 et
1399 2046 1501 2130 idem
1517 2046 1650 2132 Petram

247 2187 545 2261 commutaverat
560 2202 630 2287 pro
648 2179 818 2288 quadam
834 2178 937 2288 petia
952 2188 1073 2262 terrae
1095 2179 1200 2288 apud
1218 2177 1402 2288 Capuam.

332 2390 454 2470 (lncdlt.
470 2409 518 2469 ap.
534 2391 649 2452 archiv.
665 2391 760 2453 Mont.
776 2393 872 2468 (lass.¹
887 2398 992 2472 regest.
1006 2407 1136 2470 pergam.
1152 2391 1281 2452 Thomas
1301 2391 1420 2471 docum,
1434 2401 1468 2453 n·
1483 2402 1533 2472 52,
1547 2394 1600 2456 tol.
1614 2403 1650 2458 85

368 2496 480 2577 versu)

298 2689 339 2759 ln
358 2686 500 2760 nomine
512 2685 651 2758 Domim
665 2685 902 2807 nostrinlhesn
922 2684 1060 2777 Christi,
1079 2707 1173 2758 anno
1187 2685 1434 2758 incarnationis
1450 2687 1525 2778 eius
1541 2687 1652 2758 mille·

249 2813 340 2886 simo
353 2811 592 2884 ducentesimo
608 2810 895 2904 quinquagesimo
911 2820 947 2882 et
961 2810 1132 2882 tricesimo
1144 2831 1239 2882 anno
1251 2809 1387 2906 imperii
1400 2809 1532 2883 domini
1544 2812 1654 2884 nostri

249 2935 422 3010 neonis
438 2936 501 3008 Dei
511 2935 622 3028 gratia
635 2934 850 3006 invict'nsimi
864 2937 1100 3008 Romanorum
1118 2934 1335 3029 imperatoris
1351 2955 1490 3030 semper
1501 2937 1651 3029 augusti,

248 3060 440 3134 Jerusalem
454 3070 489 3132 et
505 3059 619 3131 Sicilie
632 3059 736 3152 regis,
751 3058 808 3130 die
823 3058 960 3132 venene
973 3068 1097 3131 octavo
1111 3058 1248 3131 decimo
1259 3059 1388 3132 mensis
1400 3059 1519 3151 madii,
1533 3069 1655 3134 octavo

250 3184 461 3274 indictionis,
479 3205 544 3255 nos
559 3183 733 3255 lohannes
748 3181 854 3276 hujus
865 3185 1025 3278 Capuane
1039 3182 1187 3256 civitatis
1199 3183 1311 3276 judex
1324 3191 1362 3254 et
1373 3183 1551 3254 Pascasius
1561 3185 1655 3277 ejus·

250 3308 333 3380 dem
357 3308 507 3380 civitatis
525 3308 685 3403 publicus
703 3307 860 3379 notarius
884 3307 1036 3403 presenti
1058 3308 1188 3402 scripto
1207 3306 1424 3379 declaramus
1447 3308 1656 3403 prudentem

250 3432 365 3503 virum
385 3431 590 3525 magistrum
604 3429 818 3526 Stephanum
836 3431 955 3526 Capud
966 3431 1011 3504 de
1027 3432 1127 3503 Picza
1146 3431 1191 3503 de
1206 3431 1334 3504 Sancto
1352 3431 1525 3504 Germano
1538 3442 1656 3506 ostan-

251 3555 343 3627 disse
371 3565 406 3627 et
428 3565 683 3651 representasse
709 3555 809 3626 nobis
839 3554 1007 3649 quasdam
1035 3554 1167 3626 litteras
1185 3554 1248 3626 sibi
1272 3555 1489 3627 transmissas
1507 3575 1529 3628 s
1549 3556 1658 3628 ccidi

252 3678 327 3752 viro
352 3679 492 3751 domino
515 3681 637 3752 Nicoio
650 3677 789 3768 Rutulo,
811 3679 981 3774 imperiali
1002 3679 1169 3772 magistro
1183 3679 1373 3751 camerario
1388 3677 1604 3775 Principatns
1623 3690 1659 3753 et

252 3805 355 3876 'ferre
367 3804 525 3895 labens,
539 3803 652 3896 sigillo
666 3804 823 3896 ejusdem
836 3804 968 3877 domini
987 3805 1141 3897 magistri
1159 3804 1339 3877 camerarii
1356 3805 1523 3897 munitas,
1544 3806 1657 3878 conti·

253 3929 370 3999 nentia
388 3928 495 3999 talis:

301 4051 466 4124 Prudenti
488 4051 566 4124 viro
584 4050 750 4144 magistro
766 4051 943 4146 Stephano
959 4051 1078 4147 Capnd
1094 4050 1138 4123 de
1154 4050 1253 4123 Picza
1273 4050 1321 4123 de
1340 4051 1468 4123 Sancto
1486 4050 1658 4123 Germano

254 4174 380 4248 dilecto
389 4175 500 4247 amieo
512 4196 590 4266 sno,
599 4175 763 4248 Nicolaus
773 4174 933 4266 Rutulus,
955 4175 1142 4271 imperialis
1154 4175 1319 4268 magister
1334 4174 1545 4248 camerarius
1560 4175 1657 4247 Prin·

255 4297 544 4392 cipausetuam
554 4299 709 4390 laboris,
719 4301 868 4371 ainte-
878 4299 1142 4372 etdilectiorem
1153 4299 1335 4372 s'nceram.
1351 4299 1472 4394 Nuper
1485 4321 1509 4372 a
1520 4299 1660 4374 donnino

255 4429 373 4494 nostro
400 4422 621 4496 serenissimo
650 4423 860 4518 imperatore
888 4423 1084 4519 recepimus
1115 4443 1199 4495 suas
1225 4443 1342 4496 sacrm
1366 4423 1500 4497 litteras
1529 4424 1569 4496 in
1594 4423 1662 4498 hac

257 4545 400 4618 forma:

303 4668 506 4741 Frederims
523 4669 722 4762 Deigratic,
738 4679 822 4759 eta,
843 4668 966 4743 Nicclo
979 4669 1120 4761 arun,
1139 4679 1208 4743 etc.
1223 4671 1438 4767 snppticavit
1456 4669 1663 4746 metente

334 4790 389 4852 vl.
411 4805 499 4852 sura.
1466 4803 1503 4857 96
