4352 5940
205 647 308 708 lauros.
324 643 368 729 6.]
662 643 858 706 lllS’l'Olllll
882 643 1177 708 oralorlllmcll.
1556 637 1617 699 605

207 781 401 876 cardinales
417 789 453 853 et
468 779 554 851 alios
569 778 720 874 prelatos
736 781 889 853 Ecclesia
910 792 992 853 tunc
1008 779 1326 853 excommunicaret
1343 774 1480 870 publice
1500 795 1616 846 coram

208 905 311 1000 plebe
331 915 368 977 et
383 903 587 978 fidelitatem
597 904 732 995 juraret
745 902 879 998 perfido
895 903 1099 995 Frederico,
1117 902 1321 998 impunitate
1343 899 1408 971 sibi
1431 920 1536 992 super
1550 896 1618 969 hoc

209 1036 245 1098 et
257 1027 376 1099 multis
392 1025 524 1098 divitiis
537 1025 765 1121 repromissis.
782 1028 860 1122 lpse
876 1049 961 1101 vero
974 1027 1112 1100 Domini
1133 1025 1255 1122 spiritu
1271 1024 1454 1095 roboratus
1469 1020 1618 1092 fidenter

207 1151 355 1223 assentit
375 1149 471 1244 quod
495 1149 609 1244 ipsum
630 1149 851 1221 Fredericum
871 1151 1023 1223 Sathane
1048 1150 1267 1245 progenitum
1290 1156 1326 1219 et
1346 1147 1525 1218 alumnum
1547 1145 1617 1216 lre-

209 1281 357 1366 quanter
374 1273 738 1346 excommunicaverat
757 1283 863 1366 atque
880 1296 973 1364 suos,
990 1282 1025 1345 et
1040 1284 1122 1345 tunc
1145 1273 1249 1345 etiam
1269 1270 1426 1343 eamdem
1448 1269 1483 1339 in
1504 1270 1617 1363 ipsum

209 1397 440 1470 anathematis
455 1396 662 1468 sententiam
677 1396 826 1470 iteravit.
848 1397 1003 1491 Cumque
1022 1397 1208 1468 duceretur
1222 1395 1267 1466 ad
1284 1391 1486 1488 martyrium
1505 1391 1618 1485 ponti-

210 1523 281 1611 fex,
293 1543 332 1592 se
348 1521 497 1616 primum
514 1520 662 1591 munivit
680 1529 750 1591 tam
764 1521 925 1593 lamentis
939 1521 1128 1617 penitentie
1144 1541 1250 1613 quam
1262 1519 1422 1590 omnibus
1438 1515 1619 1588 ecclesias·

211 1644 284 1716 ticis
297 1643 540 1735 sacramentis3
558 1665 679 1717 vemm
699 1666 779 1716 cum
793 1667 830 1716 se
845 1645 881 1715 in
899 1646 1063 1741 abyssum
1083 1643 1238 1736 demergi
1253 1643 1418 1715 estimans
1433 1661 1453 1712 a
1470 1640 1619 1712 circum·

210 1767 380 1838 stantibus
404 1767 577 1838 intellexit
599 1766 694 1862 quod
717 1776 847 1840 tractus
869 1789 932 1862 per
951 1769 1069 1840 villam
1090 1768 1240 1840 debebat
1256 1765 1443 1863 suspendio
1462 1763 1617 1853 interire,

210 1899 349 1963 cantare
366 1891 458 1986 cepit
473 1894 516 1962 Te
528 1892 632 1961 Deum
649 1891 827 1962 laudamus
843 1901 878 1962 et
892 1891 1062 1987 hymnum
1076 1892 1278 1984 angelorum
1293 1891 1363 1960 alta
1374 1909 1473 1960 voce.
1488 1885 1620 1958 Deinde

210 2015 255 2088 ad
274 2015 466 2108 patibulum
489 2013 579 2086 trahi
595 2015 706 2086 voluit
725 2016 822 2086 velut
839 2015 992 2087 Christus
1008 2016 1053 2088 ad
1070 2037 1222 2105 crucem,
1241 2014 1302 2086 sed
1319 2013 1481 2084 llenlibus
1496 2011 1621 2082 mulie·

210 2137 306 2209 ribus
327 2147 362 2209 et
383 2139 538 2233 parvulis
560 2138 651 2211 circa
671 2139 804 2233 ipsum,
822 2162 893 2212 nou
914 2150 966 2212 est
989 2140 1175 2234 permissus
1197 2160 1244 2208 ex
1265 2146 1337 2209 toto
1357 2135 1495 2208 nudari.
1514 2135 1620 2207 Porro

210 2261 372 2332 Saraceni
381 2261 577 2354 ligaverunt
591 2283 705 2334 sacras
720 2284 845 2334 manus
860 2273 895 2334 et
908 2263 1029 2357 pedes,
1047 2262 1253 2333 velaverunt
1269 2261 1402 2349 oculos,
1418 2268 1522 2354 caput
1536 2278 1619 2329 vero

206 2385 308 2476 juxta
320 2385 468 2456 caudam
481 2386 640 2456 animalis
654 2397 707 2456 est
717 2386 868 2480 positum
882 2395 921 2456 ut
935 2387 1003 2458 alvi
1016 2385 1225 2480 profluvium
1238 2386 1267 2456 si
1281 2392 1619 2477 erumperetsacram

209 2509 375 2580 verticem
391 2509 601 2602 inquinaret.
622 2510 781 2581 Ceterum
800 2531 884 2582 vero
900 2510 986 2581 illud
1001 2509 1142 2581 bmtum
1158 2509 1307 2599 animal,
1326 2507 1408 2578 licet
1426 2506 1620 2578 stimulare·

211 2632 481 2724 turcalcaribus,
492 2633 623 2704 moveri
637 2653 707 2704 nou
726 2643 861 2728 poterat
877 2633 989 2704 donee
1006 2634 1177 2729 psalmum
1192 2642 1227 2703 et
1241 2630 1432 2704 orationem
1447 2629 1621 2724 inceptam

210 2755 342 2827 athleta
357 2755 492 2827 Domini
507 2755 707 2827 terminaret
721 2764 756 2827 et
771 2756 817 2828 ab
832 2755 908 2850 ipso
920 2756 1102 2847 gradiendi
1113 2754 1259 2827 ulterius
1271 2756 1352 2828 data
1364 2755 1453 2827 foret
1466 2751 1616 2825 licentia.

210 2879 335 2972 Sioque
352 2899 417 2974 per
432 2888 584 2950 castmm
600 2879 716 2950 Sancti
731 2876 956 2974 Plamiaui(l)
973 2879 1134 2951 Saraceni
1150 2888 1332 2951 traxerunt
1348 2900 1428 2948 eum
1446 2877 1493 2950 ad
1506 2878 1620 2948 fureas

209 3003 293 3073 acsi
311 3017 404 3073 esset
418 3002 473 3073 vir
488 3002 649 3094 ignobilis
665 3011 701 3073 et
719 3002 892 3097 plebeius,
912 3024 974 3074 seu
991 3003 1146 3076 omnium
1166 3003 1384 3095 abjectorum
1404 3001 1618 3096 peripsema,

211 3127 266 3198 vel
283 3124 438 3220 perfidus
455 3127 625 3222 parricida
639 3148 700 3199 seu
714 3127 858 3198 sicarius
874 3138 936 3199 aut
950 3128 1160 3222 plagearius,
1177 3149 1240 3199 seu
1255 3136 1446 3200 nocturnus
1462 3125 1619 3221 depopu-

211 3251 299 3322 lator
322 3271 498 3342 agrorum.
522 3253 612 3323 Sane
637 3251 770 3324 Christo
798 3251 943 3324 Domino
968 3262 1004 3322 et
1030 3251 1193 3322 iratribus
1215 3250 1406 3322 minoribus
1430 3248 1512 3321 bino
1537 3247 1619 3319 inde

210 3372 449 3445 assistentibus
467 3374 557 3445 inter
573 3375 640 3446 alia
656 3384 709 3445 est
728 3374 906 3446 confessus
922 3373 1018 3467 quod
1035 3374 1240 3446 sensualitas
1259 3393 1479 3444 murmurans
1493 3371 1618 3443 suade·

210 3497 270 3568 bat
282 3507 324 3567 ut
337 3497 540 3591 martyrium
554 3497 649 3590 quod
663 3498 737 3593 ipse
751 3497 836 3570 dum
849 3507 940 3570 esset
953 3498 1041 3569 liber
1053 3498 1222 3593 cupierat,
1242 3497 1414 3590 refugeret
1430 3496 1458 3566 si
1471 3496 1617 3567 valeret.

211 3620 279 3692 Sed
300 3622 376 3716 ipse
398 3630 467 3692 tam
490 3619 556 3694 bec
574 3643 680 3714 quam
698 3643 836 3715 queque
856 3621 1086 3716 minimaque
1109 3623 1338 3694 occurrebant
1353 3619 1531 3709 memorie,
1548 3641 1619 3691 non

211 3744 371 3814 cessabat
393 3745 531 3838 publice
554 3743 728 3835 confiteri,
751 3745 911 3817 omnibus
936 3746 1001 3816 sibi
1027 3745 1234 3818 nocentibus
1262 3743 1410 3815 offensas
1437 3765 1485 3815 ex
1514 3741 1620 3815 corde

211 3864 389 3937 dimittens
405 3875 441 3937 et
454 3888 523 3958 que
545 3866 738 3938 inferebant
755 3868 928 3940 sustinens
944 3868 1128 3963 patienter.
1148 3868 1224 3940 Fuit
1239 3878 1356 3938 autam
1376 3889 1562 3962 suspensus
1582 3865 1618 3936 in

212 3988 369 4082 patibulo
381 3989 417 4058 iu
434 3989 546 4084 prima
562 3989 734 4062 dominica
749 3990 907 4062 instantis
923 3991 1186 4084 quadragesime
1200 3991 1266 4088 (2),
1288 4013 1378 4087 pene
1395 3991 1480 4064 bora
1496 3990 1618 4063 eadem

211 4133 280 4206 qua
293 4112 506 4208 Redemptor
523 4125 641 4186 noster
655 4137 793 4186 crucem
811 4115 980 4188 ascendit.
999 4116 1120 4189 Positis
1134 4139 1217 4189 vero
1231 4118 1433 4189 custodibus
1445 4137 1487 4188 ac
1505 4115 1618 4187 triduo

209 4236 369 4328 pendens
386 4237 422 4308 in
438 4237 557 4328 furcis,
571 4239 720 4311 Minores
737 4237 877 4310 taudem
893 4239 996 4310 furati
1012 4251 1093 4311 suut
1106 4262 1231 4336 corpus
1245 4241 1332 4333 ejus.
1351 4241 1420 4312 Sed
1431 4215 1523 4310 illud
1541 4259 1619 4310 car-

215 4387 349 4400 h—

244 4474 281 4544 (l)
295 4473 450 4546 legendum
462 4491 527 4532 vero
537 4481 663 4549 putamus
671 4491 720 4549 per
729 4483 839 4550 protom
850 4476 986 4549 Flctt'om',
999 4478 1100 4534 scilicet
1111 4478 1144 4534 de
1154 4479 1268 4536 Flazanc
1281 4485 1343 4536 anta
1353 4479 1486 4550 Parmam,
1499 4475 1546 4533 uhi
1558 4477 1614 4533 Fri·

210 4569 315 4628 doricus
331 4571 445 4629 domate
458 4573 594 4630 obsidione
612 4574 710 4630 multos
725 4573 792 4632 alios
810 4575 930 4649 captivos
944 4575 978 4632 ad
991 4575 1114 4632 ultimum
1134 4576 1294 4650 supplicium
1314 4577 1384 4633 trabi
1397 4575 1486 4649 jussit.
1510 4575 1616 4634 videsis

211 4663 294 4737 drro,
306 4665 381 4724 Stcr.
397 4667 428 4724 tt
442 4669 551 4741 Porum,
564 4676 584 4726 t.
599 4671 644 4740 Ill,
657 4687 685 4744 p.
702 4673 764 4740 ua,
778 4671 824 4744 qui
838 4671 875 4728 ila
887 4671 958 4728 huuc
969 4672 1058 4729 locum
1071 4672 1258 4744 corrigendum
1271 4689 1332 4730 esse
1345 4679 1446 4730 censet.

246 4763 282 4835 (2)
299 4764 360 4820 Nou
372 4765 548 4825 dubitandum
565 4773 608 4825 est
621 4784 654 4825 ex
671 4768 893 4842 praecedentibus
907 4770 972 4842 quin
990 4769 1032 4827 bis
1048 4770 1137 4828 verbis
1155 4770 1286 4828 iudicetur
1304 4771 1364 4830 dies
1383 4771 1517 4830 dominica
1537 4770 1620 4844 vulgo

289 4862 343 4924 vl.
364 4879 420 4924 rm
430 4885 452 4926 a.
1423 4880 1459 4932 77
