4352 5940
525 619 586 684 566
1022 625 1238 687 ruinnaldi
1260 623 1437 688 suculam
1742 619 1824 698 [nu.
1841 620 1931 684 1247.

526 777 586 830 eos
602 754 736 827 brachii
752 755 862 828 nostri
875 758 1029 852 potentia
1046 757 1253 851 defensavit,
1265 762 1385 855 culpas
1399 778 1533 849 omnes,
1547 755 1753 828 offensiones
1770 765 1806 827 et
1819 756 1936 827 banna

526 900 595 973 que
618 877 773 974 predicte
800 879 1080 970 transgressionis
1102 881 1283 954 occasione
1310 889 1430 953 contra
1454 900 1519 951 nos
1538 889 1574 952 et
1594 899 1731 950 sacrum
1751 878 1934 974 imperium

526 992 786 1091 commiserunt,
802 1001 851 1072 eis
867 1000 912 1074 de
928 1003 1037 1094 gratia
1052 1013 1171 1076 nostra
1184 1014 1220 1076 et
1232 1003 1418 1099 imperialis
1432 1001 1648 1099 plenitudine
1663 1001 1844 1097 potcstatis
1858 1023 1933 1073 om·

527 1122 611 1196 nino
633 1124 839 1196 remittimus
864 1134 900 1196 et
920 1125 957 1197 in
980 1137 1185 1222 perpetuum
1209 1129 1425 1218 relaxamus;
1444 1124 1688 1199 confirmantes
1709 1125 1794 1220 ipsis
1815 1145 1936 1198 omnes

526 1247 636 1320 bonos
651 1269 735 1319 usus
749 1258 784 1319 et
797 1247 1006 1343 approbatas
1022 1247 1290 1322 consuetudines
1311 1247 1431 1343 quales
1446 1245 1615 1320 hactenus
1634 1269 1745 1342 usque
1767 1269 1862 1319 nunc
1883 1247 1937 1319 usi

526 1369 631 1443 luisse
647 1377 851 1443 noscuntur.
861 1369 1056 1444 Predictam
1071 1371 1174 1444 etiam
1191 1368 1367 1446 civitatem
1376 1369 1522 1462 viterbii
1537 1379 1573 1444 et
1588 1371 1682 1444 cives
1700 1369 1856 1464 ejusdem
1871 1368 1939 1442 sin·

525 1491 694 1584 gulariter
709 1492 863 1585 singulos
884 1503 919 1564 et
937 1493 1181 1566 uniuersaliter
1195 1495 1391 1585 universos,
1407 1505 1525 1590 preter
1537 1513 1597 1566 eos
1618 1491 1858 1565 tantummodo
1877 1491 1938 1586 qui

526 1615 679 1688 criminis
691 1616 820 1688 conscii
836 1617 1025 1714 perpetrati
1038 1627 1073 1690 et
1085 1619 1283 1690 vulneratas
1297 1617 1361 1689 sibi
1375 1617 1604 1690 conscientias
1617 1616 1806 1688 sentientes
1821 1615 1939 1688 civita·

528 1748 598 1811 tem
616 1739 726 1834 ipsam
746 1738 829 1810 dum
847 1741 892 1811 ad
910 1749 1066 1812 nostrum
1085 1740 1275 1813 dominium
1297 1751 1333 1813 et
1352 1739 1556 1815 mandatum
1578 1739 1681 1828 rediit
1704 1738 1935 1834 reliquenrnt,

526 1864 657 1959 seipsos
672 1858 934 1959 participatione
946 1863 1100 1936 fidelium
1115 1875 1316 1959 reputantes
1330 1865 1505 1958 indignos,
1520 1842 1622 1960 plene
1637 1863 1674 1934 in
1687 1873 1842 1935 nostram
1857 1884 1936 1956 gra·

528 1986 611 2059 tiam
627 1988 823 2083 recepimus
842 1999 878 2060 et
893 1989 1065 2080 savorem,
1083 1988 1131 2061 ita
1151 1997 1191 2060 ut
1212 2005 1278 2061 neo
1299 1989 1335 2061 in
1355 1989 1514 2085 personis
1529 1989 1683 2083 ipsorum
1699 2008 1765 2058 nee
1781 1987 1818 2059 in
1833 1987 1938 2058 rebus

527 2109 748 2206 dispendium
768 2133 789 2182 a
809 2111 910 2184 uobis
934 2125 996 2184 aut
1017 2111 1221 2186 officialibus
1249 2113 1377 2186 nostris
1405 2120 1549 2208 propter
1578 2132 1620 2182 ea
1647 2109 1836 2206 pertineat3
1852 2108 1938 2202 quin

526 2234 644 2331 potius
668 2236 843 2309 civitatem
869 2235 1028 2308 eamdem
1051 2245 1088 2310 et
1112 2235 1205 2310 cives
1227 2236 1264 2310 in
1291 2236 1384 2310 bono
1409 2243 1502 2308 statu
1528 2245 1666 2323 muare,
1693 2245 1935 2323 manutenere,

527 2359 647 2432 lovere
662 2359 811 2432 velimus
824 2380 866 2431 ac
881 2380 1016 2452 regere,
1027 2360 1275 2452 sicutaliquam
1290 2359 1394 2431 aliam
1412 2358 1588 2432 civitatem
1603 2358 1699 2431 ltalia
1715 2377 1785 2451 que
1801 2376 1938 2454 semper

528 2481 564 2552 in
586 2480 656 2554 lide
679 2503 720 2554 ao
743 2481 930 2555 devotione
955 2491 1073 2555 nostra
1094 2482 1242 2578 perstitit
1267 2493 1303 2555 et
1328 2482 1427 2555 nullo
1452 2503 1607 2576 unquam
1636 2491 1792 2577 tempore
1819 2489 1938 2553 notam

528 2605 807 2698 transgressionis
831 2605 989 2680 incurrit.
1015 2606 1206 2679 Statuimus
1228 2605 1346 2699 itaque
1371 2614 1407 2677 et
1428 2603 1598 2700 imperiali
1625 2605 1800 2677 sancimus
1824 2604 1937 2676 edicto

527 2737 698 2820 quatenus
711 2729 827 2800 nullus
840 2728 928 2819 dux,
940 2729 1058 2802 nullus
1070 2729 1238 2820 marchio,
1252 2730 1370 2840 nullps
1382 2728 1663 2824 archiepiscopus
1673 2729 1728 2801 vel
1740 2729 1935 2825 episeopus,

527 2850 644 2922 nullus
661 2871 779 2924 eomes
793 2861 855 2924 aut
869 2852 1078 2943 vicecomes,
1096 2855 1212 2925 nullus
1226 2854 1378 2947 legatus,
1395 2851 1545 2926 vicarius
1562 2863 1624 2924 aut
1636 2853 1856 2948 capitaneus,
1872 2873 1938 2948 po·

528 2982 633 3046 testas
643 2983 705 3047 aut
720 2986 846 3065 rector,
865 2977 962 3048 nulla
979 2977 1115 3068 civitas,
1130 2979 1266 3049 nullum
1277 2997 1476 3068 commune,
1491 2977 1588 3049 nulla
1604 2977 1825 3067 universitas,
1842 2975 1938 3048 nulla
1977 3057 1980 3062 ,

528 3097 680 3194 denique
700 3120 849 3194 persona
871 3101 942 3200 alta
960 3103 1018 3174 vel
1039 3102 1197 3190 humilis,
1218 3101 1448 3174 ecelesiastica
1469 3103 1526 3174 vel
1549 3101 1730 3192 secularis,
1746 3101 1938 3173 antedictos

426 3195 435 3212 ⁴
527 3222 762 3296 viterbienses
781 3223 902 3296 fideles
915 3234 1053 3298 nostros
1073 3225 1109 3297 in
1128 3224 1197 3297 lide
1216 3235 1252 3298 et
1268 3224 1453 3299 devotione
1471 3237 1589 3298 nostra
1607 3235 1643 3298 et
1658 3225 1793 3320 imperii
1808 3224 1937 3320 persis·

529 3355 641 3419 tentes
657 3356 693 3420 et
707 3369 729 3419 a
743 3347 871 3419 nostris
886 3369 928 3420 ac
945 3348 1081 3444 imperii
1097 3349 1246 3422 servitiis
1260 3349 1401 3421 minime
1416 3348 1620 3422 recedentes
1635 3359 1755 3422 contra
1769 3346 1940 3444 presentis

526 3472 698 3569 privilegii
726 3473 835 3546 nostri
859 3483 1014 3546 tenorem
1035 3495 1123 3547 ausu
1142 3475 1323 3547 temerario
1344 3475 1556 3570 inquietare,
1576 3477 1760 3549 molestare
1778 3497 1840 3547 seu
1858 3495 1938 3569 per·

529 3596 669 3668 turbare
690 3607 878 3692 presumat.
898 3599 999 3684 Quod
1015 3597 1075 3693 qui
1092 3598 1341 3694 presumpserit
1358 3598 1631 3692 indignationem
1652 3598 1812 3670 culminis
1829 3596 1939 3670 nostri

528 3740 566 3792 se
582 3721 722 3794 noverit
734 3721 953 3794 incursurum
969 3733 1005 3794 et
1022 3733 1162 3794 centum
1179 3723 1285 3795 libras
1300 3723 1377 3795 auri
1398 3722 1518 3819 optimi
1534 3743 1599 3818 pro
1614 3744 1705 3818 pena
1727 3721 1938 3818 compositu-

528 3865 620 3935 rum,
639 3865 787 3938 quarum
809 3845 978 3918 medietas
998 3844 1081 3920 fisco
1106 3856 1224 3920 nostro
1248 3846 1437 3941 etreliqua
1459 3847 1627 3919 medietas
1647 3847 1757 3942 passis
1777 3844 1939 3938 injuriam

526 3969 733 4065 applicetur.
752 3969 808 4042 Ad
823 3969 1022 4063 hujusmodi
1037 3980 1154 4043 autem
1171 3970 1223 4042 rei
1238 3971 1440 4043 memoriam
1456 3980 1491 4043 et
1506 3970 1613 4043 robur
1628 3980 1798 4066 perpetuo
1811 3967 1939 4040 valitu-

527 4116 619 4187 rum,
633 4115 777 4190 presens
792 4093 1011 4189 privilegium
1029 4115 1093 4189 per
1107 4095 1246 4166 Petrum
1266 4092 1311 4166 de
1329 4094 1445 4190 Capua
1459 4093 1632 4166 nourium
1647 4103 1683 4166 et
1698 4091 1839 4165 fidelem
1855 4111 1937 4162 nos·

530 4226 621 4288 trum
646 4216 749 4288 scribi
770 4225 806 4289 et
825 4217 921 4289 bulla
944 4237 1051 4290 aurea
1071 4217 1206 4314 typario
1230 4226 1349 4290 nostre
1376 4217 1566 4309 majestatis
1588 4217 1757 4312 impressa
1773 4213 1939 4308 jussimus

529 4341 747 4414 communiri.

576 4466 686 4557 Hujus
701 4465 751 4537 rei
765 4475 870 4538 testes
883 4465 1024 4538 luerunt
1034 4465 1151 4538 dilecti
1167 4463 1227 4536 filii
1241 4464 1350 4536 nostri
1365 4463 1534 4538 Henricus
1545 4465 1688 4537 illustris
1702 4486 1768 4536 rex
1780 4461 1939 4536 Sardinia

529 4598 565 4661 et
587 4589 675 4661 sacri
699 4589 834 4684 imperii
859 4591 993 4682 legatus
1016 4589 1052 4662 in
1077 4590 1175 4662 ltalia
1194 4588 1384 4682 generalis,
1407 4599 1443 4661 et
1467 4588 1661 4662 Fridericns
1686 4587 1731 4660 de
1757 4585 1940 4661 Antiochia

528 4735 646 4788 comes
660 4711 769 4807 Albe,
782 4711 876 4796 ¹sacri
893 4713 1028 4809 imperii
1048 4713 1085 4785 in
1101 4712 1223 4786 Tuscia
1243 4711 1391 4784 vicarius
1413 4714 1605 4808 generalis,
1619 4712 1831 4788 Mainlredus
1845 4730 1939 4782 mar·
