4306 5914
509 651 574 714 'lla
1010 641 1225 706 sutbsttlct
1250 639 1424 704 sacuam
1726 635 1810 716 [dar.
1828 635 1916 700 tata.

503 785 657 882 jusmodi
676 805 741 857 vos
760 783 860 878 quasi
879 781 1064 878 participes
1082 780 1279 867 denotaret,
1299 785 1425 868 utque
1444 771 1625 847 vobiscum
1647 769 1804 843 nondum
1825 770 1918 844 cele·

506 911 608 984 brato
625 906 802 1000 colloquio
818 915 951 978 tentare
967 904 1162 994 distulerat,
1175 909 1254 998 post
1268 908 1421 974 vestram
1433 919 1514 970 cum
1530 917 1573 969 eo
1588 895 1809 968 collationem
1823 895 1920 967 babi-

506 1045 595 1125 tam,
616 1039 818 1129 presumpta
838 1029 888 1102 sic
909 1038 1057 1119 temere,
1074 1049 1146 1100 non
1168 1025 1241 1098 siue
1264 1037 1379 1096 vestre
1402 1020 1624 1094 conniventia
1648 1020 1705 1092 vel
1729 1039 1918 1092 consensus

503 1157 700 1247 involucro,
719 1153 815 1247 quod
836 1152 977 1225 omnino
1002 1173 1073 1228 non
1095 1150 1283 1240 credimus,
1301 1147 1482 1218 manifeste
1504 1144 1604 1217 daret
1621 1143 1765 1237 intelligi
1781 1143 1915 1240 prelor-

503 1289 610 1352 mata.
626 1280 682 1352 Ex
695 1277 751 1349 his
765 1297 849 1348 sane
862 1275 975 1348 causis
986 1297 1051 1349 nos
1061 1275 1185 1348 merito
1199 1293 1380 1345 movemur
1390 1291 1495 1366 super
1500 1268 1637 1362 juribus
1651 1268 1778 1342 uostris
1791 1269 1918 1362 injuste

503 1403 554 1475 sic
570 1402 702 1497 impeti.
724 1402 905 1475 blovemur
923 1399 1030 1492 quod
1044 1420 1139 1471 nuuc
1160 1397 1319 1470 videmus
1341 1395 1419 1467 illos
1438 1393 1474 1465 in
1495 1415 1591 1466 arma
1612 1413 1839 1486 consurgere,
1857 1395 1917 1487 qui

502 1525 683 1623 predicare
701 1535 836 1598 tautum
852 1525 983 1597 debent
996 1524 1143 1596 verbum
1158 1522 1234 1594 Dei.
1251 1521 1431 1594 blovemur
1445 1519 1483 1591 iu
1498 1517 1630 1613 gremio
1647 1517 1789 1614 proprio
1804 1516 1916 1590 nutri·

503 1648 595 1724 visse
620 1658 798 1745 serpentes
824 1675 833 1720 :
857 1669 946 1741 quos
968 1657 1100 1742 quanto
1125 1645 1327 1719 familiarius
1349 1643 1532 1738 hucusque
1555 1641 1795 1732 tractavimus,
1820 1651 1916 1715 muto

502 1795 598 1845 nunc
613 1773 731 1845 hostes
746 1772 928 1868 pestiferos
943 1771 1084 1865 marius
1101 1769 1310 1843 invenimus.
1329 1769 1509 1842 blovemur
1524 1765 1742 1862 profundius,
1761 1777 1798 1839 et
1812 1769 1916 1840 Terre

502 1897 629 1970 Sancte
649 1895 914 1969 necessitatibus
931 1894 1096 1991 precipue
1116 1893 1354 1984 condolemus
1368 1913 1437 1986 que
1452 1912 1533 1964 cum
1548 1889 1595 1963 ad
1610 1891 1664 1962 sui
1680 1893 1915 1987 recuperatio·

502 2041 596 2110 nem,
606 2018 707 2092 nobis
722 2018 856 2092 dudum
868 2018 969 2091 firmo
980 2018 1158 2115 proposito
1168 2038 1266 2089 arma
1279 2025 1316 2088 et
1327 2024 1464 2088 scutum
1477 2013 1623 2088 viriliter
1635 2013 1912 2108 adsumentibus,

502 2151 539 2216 et
556 2153 716 2238 potenter
733 2143 941 2215 Gallicarum
954 2142 1082 2215 virium
1095 2150 1235 2237 recepto
1251 2140 1419 2230 subsidio,
1434 2139 1631 2213 universale
1645 2138 1916 2214 Christianorum

503 2265 696 2340 subsidium
713 2274 926 2361 expectaret,
944 2266 1060 2361 papali
1076 2264 1238 2359 suffragio
1251 2265 1415 2336 frustrata
1426 2262 1499 2355 J'am
1514 2271 1684 2351 remanet,
1701 2273 1737 2336 et
1752 2285 1914 2338 necessa·

503 2389 556 2462 rio
570 2390 671 2463 vobis
686 2391 722 2462 in
738 2389 894 2488 partibus
911 2388 1145 2463 ultramarinis
1162 2387 1377 2464 morantibus
1402 2383 1471 2484 (l),
1488 2408 1511 2460 a
1527 2387 1655 2480 quibus
1669 2389 1806 2462 modico
1824 2389 1913 2465 freto
2032 2375 2036 2382 ⁴

503 2512 610 2588 abac
631 2512 775 2609 Apulia,
796 2513 907 2608 ipsam
927 2535 1044 2586 rerum
1063 2513 1266 2587 victualium
1290 2511 1505 2608 opulentiam
1529 2511 1733 2585 subtrahere
1760 2525 1910 2611 oportet.

501 2637 588 2713 Cum
612 2638 703 2710 enim
725 2659 819 2710 anno
839 2637 997 2734 proxime
1013 2637 1196 2734 preterito,
1216 2636 1261 2709 de
1280 2635 1444 2708 charistia
1465 2634 1667 2708 victualium
1687 2638 1786 2732 regni
1804 2641 1913 2712 nostri

502 2782 608 2857 quam
625 2760 787 2834 accidens
803 2762 993 2857 temporale
1014 2761 1249 2852 conduxerat,
1270 2768 1374 2855 prout
1388 2759 1611 2832 dilectionem
1631 2770 1782 2833 vestram
1803 2763 1912 2838 latere

501 2907 574 2959 uon
589 2885 777 2978 credimus,
797 2885 922 2959 vestris
939 2896 974 2958 et
989 2895 1184 2958 vestrorum
1202 2884 1322 2956 usibus
1341 2883 1568 2956 amicabiliter
1585 2883 1776 2958 laceremus
1795 2888 1913 2982 provi·

503 3009 603 3096 deri,
620 3031 663 3083 ac
679 3031 833 3082 essemus
848 3009 1002 3084 inantea
1018 3019 1115 3083 tanto
1131 3009 1314 3082 secundus
1328 3007 1514 3102 providere
1529 3009 1654 3103 parati,
1673 3020 1804 3104 quanto
1817 3035 1912 3087 nnuc

502 3133 634 3207 ibidem
658 3143 814 3231 tempora
836 3133 1036 3207 fecundiora
1058 3134 1267 3224 succedunt,
1297 3154 1367 3226 que
1388 3133 1496 3229 possit
1519 3142 1581 3206 aut
1602 3133 1729 3208 debeat
1754 3137 1854 3210 vobis
1874 3139 1912 3214 in

501 3266 605 3332 autea
627 3257 725 3350 regni
747 3257 905 3330 fertilitas
924 3258 1101 3354 opulentis
1126 3258 1224 3352 signa
1246 3256 1440 3330 successive
1463 3256 1689 3352 protendere,
1714 3258 1745 3332 si
1764 3281 1911 3353 reguum

501 3389 660 3477 oporteat
682 3401 729 3453 ex
749 3381 857 3476 patris
880 3381 989 3453 nostri
1013 3381 1252 3476 persecutione
1277 3402 1383 3475 quam
1408 3378 1561 3453 dumus
1588 3381 1771 3476 plusquam
1796 3383 1911 3460 civilia

499 3502 593 3577 bella
610 3512 775 3597 tractare,
793 3504 919 3597 regalis
933 3504 1104 3577 industria
1117 3503 1236 3577 videat
1253 3514 1289 3576 et
1303 3502 1465 3577 discutiat
1482 3503 1678 3598 diligenter.
1696 3505 1773 3579 Non
1793 3519 1910 3583 tamen

498 3627 535 3700 iu
556 3635 668 3700 totum
692 3636 877 3724 propterea
899 3627 949 3700 sic
971 3627 1071 3702 vobis
1090 3627 1240 3702 credatis
1259 3635 1377 3701 nostra
1400 3627 1553 3702 subsidia
1573 3629 1665 3702 velle
1684 3630 1907 3726 subtrahere,

498 3749 584 3846 quin
601 3750 715 3842 vobis,
732 3751 951 3845 inquantum
966 3751 1186 3844 negotiorum
1202 3761 1238 3825 et
1252 3761 1446 3846 temporum
1460 3751 1607 3845 qualitas
1620 3753 1762 3848 patitur,
1772 3765 1846 3829 tum
1861 3778 1909 3831 ex

497 3873 638 3970 publico
655 3874 749 3948 bono
768 3872 851 3946 fidei
866 3872 1070 3966 christiane,
1088 3896 1196 3968 quam
1212 3884 1283 3948 tota
1301 3875 1427 3946 mentis
1441 3874 1636 3948 adlectione
1650 3879 1815 3973 zelamur,
1833 3893 1907 3956 tum

497 3998 602 4071 etiam
616 4019 663 4070 ex
675 3997 824 4071 amicitie
842 3981 989 4090 lmdere,
1008 3998 1103 4093 quod
1117 3999 1163 4072 ad
1179 4019 1244 4071 nos
1259 3999 1497 4094 progenitores
1510 4009 1644 4072 vestros
1659 4011 1695 4073 et
1711 4024 1775 4076 nos
1789 4005 1906 4081 vobis·

496 4143 577 4196 cum
593 4121 755 4194 habuisse
771 4121 924 4194 suaviter
939 4143 1210 4195 rememoramus
1223 4121 1378 4214 illesum,
1395 4131 1559 4217 tanquam
1575 4123 1625 4196 illi
1642 4147 1747 4220 quem
1768 4127 1905 4204 chario-

495 4266 571 4320 rem
593 4243 775 4336 habemus,
793 4266 857 4340 pre
876 4244 952 4316 aliis
975 4245 1189 4317 liberalitatis
1209 4254 1327 4318 nostre
1347 4245 1509 4340 suffragia
1526 4249 1695 4345 promptis
1714 4249 1907 4328 adfectibus

496 4367 693 4442 offeramus.
713 4369 858 4440 &usam
874 4367 991 4462 itaque
1005 4377 1160 4441 nostram
1181 4368 1217 4440 in
1234 4368 1322 4442 libra
1335 4379 1449 4442 vestre
1471 4372 1757 4448 considerationis
1771 4397 1905 4473 appen-

497 4490 570 4565 dite
586 4520 595 4566 c
614 4501 650 4565 et
663 4513 743 4566 cum
756 4500 873 4564 vestra
888 4513 945 4564 res
959 4502 1082 4584 agatur
1094 4493 1131 4564 in
1145 4492 1326 4588 proximis,
1334 4515 1404 4586 que
1418 4492 1504 4568 tides
1518 4495 1718 4588 hujusmodi
1731 4499 1848 4576 danda
1861 4503 1908 4575 sit

535 4760 571 4835 (l)
589 4759 665 4818 Tunc
676 4760 750 4818 enim
761 4776 810 4820 rex
820 4760 947 4822 Francius
962 4761 1089 4822 ininsula
1102 4763 1192 4839 Cypro
1200 4761 1289 4824 adbuc
1298 4764 1463 4824 moramtm.
