4310 5908
222 605 324 666 lunum.
340 605 387 682 8.]
666 604 863 668 HISTORIA
887 607 1182 670 otrtouuutctl.
1570 602 1630 668 '165

225 740 425 813 monasterii
440 739 643 831 memorati,
662 761 705 812 ao
720 743 897 839 predictus
916 743 1106 816 monachus
1125 749 1329 839 procurator
1341 759 1524 836 perperam
1545 739 1629 811 sub·

224 863 551 958 ductusapredicto
574 864 664 936 Julio
687 865 732 938 de
751 866 916 959 Auglona
936 879 972 940 et
987 868 1109 940 timore
1128 866 1345 963 perterritus,
1370 864 1548 937 confessus
1566 859 1632 934 fuit

224 1010 343 1061 coram
355 989 455 1061 vobis
470 988 598 1060 casalia
616 990 832 1062 Montiscalvi
845 1002 881 1064 et
897 993 1077 1065 Tonniculi
1093 992 1139 1064 ad
1150 993 1209 1085 jus
1227 999 1263 1062 et
1283 988 1528 1084 proprietatem
1547 986 1631 1059 dicti

226 1113 426 1185 monasterii
445 1113 638 1207 spectantia
653 1113 743 1186 siout
759 1114 901 1207 dicunt,
920 1117 1026 1188 luisse
1046 1116 1090 1189 de
1110 1115 1214 1187 leudo
1229 1112 1353 1209 prelati
1367 1112 1469 1201 Julii;
1489 1121 1632 1207 propter

226 1238 321 1331 quod
337 1238 429 1310 idem
446 1237 636 1310 monachus
653 1238 699 1310 ad
715 1239 914 1312 instantiam
928 1241 1085 1333 ejusdem
1100 1239 1181 1313 Julii
1195 1239 1259 1311 luit
1276 1259 1297 1308 a
1312 1257 1450 1308 carcere
1466 1235 1632 1308 liberatus

226 1371 262 1432 et
276 1361 322 1432 ab
337 1361 557 1433 accusatione
579 1361 736 1456 predicta
751 1389 760 1434 :
774 1384 838 1436 vos
852 1364 900 1436 ad
911 1364 1111 1436 instantiam
1125 1363 1209 1436 dicti
1225 1361 1304 1435 Julii
1321 1383 1392 1433 non
1400 1360 1483 1432 visis
1495 1359 1632 1452 juribus

226 1482 310 1556 dicti
326 1485 527 1556 monasterii
540 1485 654 1579 ipsum
670 1486 716 1558 ad
727 1486 947 1559 amissionem
956 1488 1128 1560 dictorum
1144 1486 1309 1559 casalium
1324 1505 1466 1556 suorum
1479 1493 1515 1554 et
1528 1482 1633 1554 totius

225 1608 292 1679 loci
306 1608 464 1701 ejusdem
478 1609 679 1680 monasterii
694 1631 764 1704 que
780 1611 874 1684 idem
888 1611 998 1685 Julius
1009 1611 1147 1683 dicebat
1160 1610 1334 1707 pertinere
1345 1608 1447 1680 uxori
1457 1629 1536 1697 sue,
1546 1627 1634 1678 con·

227 1742 279 1803 tra
288 1733 459 1824 justitiam
478 1734 764 1826 condemnantes,
784 1757 831 1806 ex
846 1737 1016 1808 sententia
1032 1746 1169 1826 vestra,
1191 1733 1423 1830 appellatione
1446 1731 1491 1803 ab
1515 1731 1565 1803 eis
1577 1732 1632 1801 in-

226 1856 390 1951 terposita
419 1857 465 1929 ad
485 1857 699 1930 audientiam
720 1868 873 1932 nostram
891 1860 980 1932 inlra
1000 1860 1154 1952 legitima
1167 1868 1322 1953 tempora
1335 1876 1522 1950 suspensa,
1541 1854 1634 1926 dicta

224 1981 351 2052 casalia
369 1990 404 2052 et
427 1983 523 2052 locus
541 1981 655 2053 eidem
680 1983 770 2055 lulio
791 1984 964 2076 assignata
979 1993 1073 2073 sunt,
1086 1983 1175 2076 juris
1191 1982 1314 2055 ordine
1326 2003 1399 2053 non
1418 1988 1568 2068 servato,
1596 1978 1633 2048 in

227 2125 347 2176 eorum
371 2107 593 2177 manifestum
614 2107 844 2202 prejudicium
867 2120 902 2180 et
922 2129 1123 2201 gravamen.
1146 2109 1342 2201 Superque
1360 2103 1634 2199 supplicantibus

226 2227 291 2299 sibi
313 2251 377 2323 per
400 2241 555 2301 nostram
575 2231 708 2301 curiam
729 2232 919 2303 secundum
939 2233 1110 2325 justitiam
1129 2231 1326 2327 provideri,
1343 2228 1501 2301 fidelitati
1519 2235 1634 2299 vestre

226 2349 449 2446 precipiendo
474 2354 680 2426 mandamus
701 2365 873 2448 quatenus
895 2357 925 2428 si
945 2367 999 2428 est
1013 2358 1082 2447 ita,
1106 2357 1248 2429 omnino
1270 2355 1425 2452 predicta
1448 2354 1484 2424 in
1506 2361 1634 2425 statum

225 2476 409 2569 pristinum
440 2479 624 2568 revocetis,
650 2489 686 2551 et
707 2481 874 2553 accersito
901 2481 1028 2554 abbate
1057 2502 1175 2553 coram
1203 2480 1304 2553 vobis
1326 2481 1408 2572 jura
1435 2474 1635 2550 monasterii

225 2601 374 2674 audiatis
390 2614 425 2674 et
438 2625 577 2676 causam
595 2626 712 2676 coram
726 2605 826 2678 vobis
843 2607 992 2701 partium
1007 2606 1197 2678 assertione
1210 2606 1313 2700 plene
1329 2603 1518 2675 discussam
1531 2604 1634 2695 juxta

225 2723 371 2796 sormam
400 2748 421 2797 a
453 2737 573 2800 nostra
606 2729 702 2800 curia
731 2730 830 2801 vobis
866 2731 983 2803 damur
1008 2731 1199 2802 terminetis
1229 2739 1265 2801 et
1292 2728 1473 2819 decidatis,
1499 2724 1634 2819 justitia

227 2846 420 2938 mediante,
441 2859 480 2920 ut
498 2851 581 2946 ipsis
598 2851 805 2924 instantibus
819 2875 924 2949 super
936 2853 1003 2926 boc
1016 2874 1087 2924 non
1100 2853 1212 2926 subsit
1223 2852 1366 2924 materia
1383 2849 1631 2943 conquerendi.

275 2974 402 3044 Datum
418 2975 566 3066 Foggie,
584 2977 613 3047 V
629 2977 769 3071 aprilis,
788 2988 912 3049 octave
929 2977 1140 3050 indictionis.

239 3195 247 3207 ι
273 3096 350 3182 Quo
364 3099 528 3171 mandato
546 3111 687 3195 recepto
703 3112 739 3174 et
754 3103 859 3174 citata
873 3124 935 3197 per
952 3103 1094 3174 eosdem
1107 3101 1374 3194 reintegratores
1387 3100 1480 3172 dicta
1493 3099 1634 3172 domina

227 3221 431 3314 lligandasia
452 3235 487 3294 et
511 3236 735 3321 comparente
762 3239 825 3322 pro
843 3250 885 3300 ea
901 3228 995 3300 dicto
1014 3227 1155 3300 domiuo
1172 3225 1319 3318 bogerio
1344 3225 1532 3296 constituto
1554 3245 1635 3321 pro·

227 3357 386 3418 curatore
398 3347 445 3418 ab
459 3351 765 3423 eautconstititad
778 3374 918 3424 oausam
929 3353 1054 3447 ipsam,
1066 3351 1179 3423 dictus
1190 3350 1271 3422 lllilo
1283 3349 1391 3421 abbas
1401 3348 1484 3420 dicti
1494 3369 1633 3421 monas·

229 3469 303 3541 terii
332 3493 396 3564 pro
429 3483 527 3565 parte
555 3474 664 3568 ipsius
687 3476 723 3545 iu
746 3476 882 3571 scriptis
909 3477 1057 3571 probare
1077 3496 1115 3547 se
1139 3474 1265 3546 obtulit
1282 3495 1351 3567 que
1367 3473 1635 3546 continebantur

228 3589 261 3660 iu
280 3591 517 3688 imperialibus
543 3598 666 3670 litteris
689 3600 943 3695 suprascriptis,
975 3608 1010 3671 et
1034 3599 1147 3671 dictus
1163 3607 1367 3692 procurator
1383 3596 1474 3670 dicte
1493 3599 1633 3672 domiue

228 3715 372 3808 pmbare
395 3739 433 3788 se
465 3719 591 3792 obtulit
619 3723 715 3815 quod
742 3723 896 3817 predicte
919 3724 1032 3794 littere
1065 3723 1247 3816 impetrate
1277 3723 1419 3793 fuerunt
1442 3723 1633 3796 abeodem

227 3837 352 3910 abbate
367 3841 471 3913 tacita
485 3843 645 3935 veritate,
672 3856 708 3916 et
735 3856 844 3918 totum
874 3846 1086 3918 contrarium
1109 3846 1184 3938 ejus
1206 3845 1302 3938 quod
1326 3844 1439 3917 dictus
1460 3845 1569 3917 abbas
1595 3866 1632 3918 se

227 3961 401 4035 obtulerat
415 3967 654 4061 probaturum.
674 3973 785 4065 Super
801 3971 927 4064 quibus
941 3971 1023 4042 dato
1037 3992 1101 4064 per
1114 3969 1255 4042 eosdem
1274 3969 1538 4062 reintegratores
1552 3969 1631 4041 uni·

228 4087 352 4180 cuique
378 4090 468 4183 parti
483 4093 630 4165 termino
649 4095 945 4190 adprobandum,
975 4094 1153 4190 productis
1172 4093 1315 4165 testibus
1342 4102 1377 4164 et
1395 4114 1515 4165 eorum
1531 4093 1632 4166 dictis

226 4210 406 4303 publicatis
433 4223 468 4285 et
493 4215 583 4288 lacta
618 4239 665 4289 ex
683 4219 733 4289 eis
763 4220 902 4312 utrique
937 4219 1027 4314 parti
1056 4217 1156 4311 copia
1189 4237 1327 4288 necnon
1370 4217 1631 4312 exceptionibus

225 4332 405 4408 hincinde
422 4338 511 4410 datis
528 4340 574 4412 ad
590 4343 763 4436 repulsam
793 4343 930 4414 testium
951 4339 1223 4437 perducendam,
1246 4351 1282 4411 et
1304 4341 1448 4413 testibus
1461 4363 1565 4436 super
1581 4340 1631 4413 eis

225 4459 399 4550 productis
414 4473 450 4533 et
465 4464 647 4557 publicatis
662 4467 807 4538 rubricis
820 4467 1020 4561 assumptis,
1033 4479 1068 4537 et
1082 4466 1227 4537 solemni
1237 4464 1471 4557 disputatione
1483 4476 1631 4559 sequuta

226 4603 325 4677 super
342 4584 475 4656 viribus
490 4589 714 4682 probatorum
731 4591 898 4687 premissa
914 4589 1169 4662 renuntiatione
1185 4587 1231 4660 ad
1251 4589 1460 4660 sententiam
1475 4599 1529 4662 est
1545 4613 1630 4663 con·

225 4704 372 4798 clusum;
401 4719 436 4779 et
453 4710 532 4782 licet
557 4713 824 4805 reintegratores
856 4712 1001 4808 predicti
1028 4735 1073 4784 ex
1103 4713 1214 4784 forma
1239 4713 1488 4786 commissionis
1510 4735 1631 4788 eorum

298 4829 350 4892 Vl·
373 4861 429 4906 pm
438 4863 461 4905 2,
1431 4845 1469 4899 97
