4310 5908
216 662 316 720 tanta.
333 658 379 735 a]
666 655 864 718 tusromn
887 656 1182 720 orrnottarrcs.
1566 656 1626 718 aaa

218 804 286 884 tur,
311 815 391 865 cnm
415 793 686 888 depopulentur,
705 800 745 863 ut
760 793 937 885 asseritur,
956 814 978 864 a
996 793 1179 889 predictis,
1200 801 1303 888 prout
1318 793 1451 886 justum
1467 794 1573 866 luerit
1589 795 1625 866 in

217 926 291 988 tuto
315 918 423 989 iacias
450 916 681 1010 sequestrari,
710 927 750 989 ut
771 927 1010 990 consummato
1036 917 1217 990 diffinitive
1239 917 1379 1011 negotio
1402 917 1458 989 cui
1482 918 1625 1012 dejure

217 1039 322 1112 fucrit
339 1039 577 1136 applicentur3
605 1040 698 1112 diem
721 1040 913 1132 citationis,
932 1043 1079 1113 formam
1101 1041 1337 1136 presentium,
1360 1061 1477 1113 coram
1499 1041 1626 1134 quibus

220 1183 279 1235 eos
304 1163 467 1236 citaveris
487 1173 523 1236 et
546 1163 641 1257 quod
668 1164 750 1237 inde
775 1165 897 1237 leceris
924 1175 1043 1236 nostro
1065 1164 1207 1237 culmini
1232 1165 1472 1261 rescripturus.
1497 1167 1625 1238 Datum

219 1296 305 1382 aput
319 1286 579 1379 Ficiochiclum,
594 1288 762 1381 vigesimo
778 1287 915 1384 aprilis,
930 1288 1077 1383 septima
1091 1288 1294 1361 indictione.

265 1411 341 1504 Ego
360 1402 489 1507 Coppia
508 1411 708 1484 Buncambii
728 1412 883 1484 notarius
901 1412 1151 1508 suprascriptas
1171 1413 1304 1484 litteras
1323 1413 1435 1506 sigillo
1454 1413 1624 1509 imperiali

218 1535 370 1608 munitas
387 1534 459 1607 vidi
476 1543 512 1607 et
527 1535 596 1629 legi
609 1545 645 1607 ct
657 1535 829 1630 quidquid
843 1535 879 1607 in
898 1536 948 1606 eis
968 1537 1134 1631 scriptum
1154 1535 1294 1625 inveni,
1313 1535 1371 1609 hic
1388 1536 1433 1608 de
1448 1539 1557 1610 verbo
1578 1538 1624 1610 ad

215 1659 365 1733 verbum
377 1658 482 1730 nichil
497 1658 617 1731 addito
630 1660 689 1731 vel
703 1659 873 1732 diminuto
891 1661 927 1731 in
943 1660 1065 1733 fraude
1081 1659 1139 1732 hic
1154 1659 1198 1732 da
1212 1659 1376 1733 mandato
1393 1661 1476 1734 dicti
1493 1661 1623 1734 domini

217 1783 321 1857 'liccii
334 1783 455 1856 vicarii
468 1779 618 1855 fideliter
632 1784 830 1879 exemplavi
842 1784 992 1878 ideoque
1009 1783 1208 1879 subscripsi.

437 2081 1408 2096 ’Qum-mmmm

269 2308 503 2419 Fridericus,
525 2311 786 2397 Romanorum
808 2313 1029 2423 imperator,
1051 2309 1241 2396 Friderico
1263 2309 1311 2392 dc
1330 2307 1529 2392 Antiochia
1546 2307 1625 2390 im-
1718 2385 1731 2416 ,
1772 2330 1803 2412 ⁰1

215 2442 350 2552 periali
366 2443 407 2525 in
425 2444 561 2529 Tuscia
577 2443 717 2529 vicario
728 2445 896 2557 generali
913 2445 1073 2528 mandat
1088 2452 1131 2528 ut
1149 2469 1263 2553 snper
1278 2443 1457 2552 petitione
1475 2440 1625 2524 abbatis

217 2575 346 2659 Sancti
365 2576 570 2662 Salvatoris
591 2577 639 2664 de
657 2579 782 2664 Monte
807 2579 959 2664 hmiato
978 2605 1048 2688 pro
1074 2587 1241 2660 mercato
1259 2575 1383 2660 Plebis
1400 2575 1448 2660 de
1466 2574 1624 2658 Lamula

216 2709 429 2794 secundum
446 2709 510 2820 jus
532 2711 730 2820 procedat,
751 2713 803 2795 ad
827 2712 1054 2795 mandatum
1078 2711 1187 2821 cujus
1209 2708 1388 2793 Friderici
1413 2708 1462 2791 de
1480 2708 1623 2792 Antio-

215 2839 303 2923 chia
328 2841 491 2928 Jaccbus
520 2845 691 2928 notarius
708 2843 757 2927 de
777 2845 910 2928 Castro
929 2844 1103 2928 abbatiae
1120 2843 1402 2927 universitatem
1426 2840 1475 2924 de
1506 2843 1623 2925 Arci-

215 2972 334 3058 dcsso
357 2986 395 3058 et
420 2974 599 3060 abbatem
616 2977 745 3062 Sancti
763 2977 967 3062 Salvatoris
989 2979 1039 3061 ad
1057 2977 1263 3060 terminum
1283 2975 1494 3085 praefixum
1517 2977 1620 3058 citat.

298 3167 423 3297 (luedtt.
438 3235 477 3279 ex
495 3219 631 3298 ortgtnm
644 3221 677 3280 tn
694 3219 815 3282 archivo
828 3220 951 3299 dtplom.
971 3219 1104 3282 Floreat.
1123 3226 1290 3294 murato,
1309 3222 1395 3298 cujus
1414 3219 1530 3295 copiam
1547 3217 1625 3278 idem

339 3322 423 3386 otus.
433 3323 503 3386 Rosl
517 3325 604 3386 uobis
616 3325 709 3404 lectt.)
1703 3326 1706 3332 ’

264 3531 321 3605 Ex
340 3530 407 3604 hac
430 3533 570 3629 publica
597 3535 744 3607 formula
765 3534 958 3607 litteramm
976 3542 1094 3630 pateat
1115 3533 1323 3607 bavideuter
1343 3532 1437 3627 quod
1463 3533 1625 3605 dominus

215 3656 419 3729 Frederu'cus
445 3657 491 3729 da
515 3657 698 3732 Antiochia
722 3658 853 3732 domini
880 3658 1098 3755 imperatoris
1117 3657 1208 3729 lilius
1230 3657 1367 3754 scripsit
1388 3657 1473 3728 mibi
1496 3657 1624 3730 Iacobo

217 3781 354 3853 octauo
379 3780 425 3853 tle
450 3780 569 3855 Castro
591 3782 729 3856 abbatie
757 3782 823 3856 sub
852 3783 920 3856 bac
943 3784 1054 3856 torma
1080 3809 1089 3854 ε
1112 3781 1316 3855 Fredericus
1339 3781 1385 3854 de
1416 3781 1625 3856 Anthiochia

218 3905 350 3979 domiui
372 3905 589 4001 imperatoris
618 3905 728 3998 lilius,
758 3906 848 3980 sacri
876 3908 1011 4003 imperii
1037 3908 1073 3979 in
1099 3907 1221 3980 inscia
1249 3906 1399 3979 vicarius
1428 3907 1622 3999 generalis,

217 4028 381 4127 prudenti
392 4030 469 4103 viro
482 4031 610 4106 tacobo
624 4032 759 4104 notario
774 4033 819 4105 da
832 4031 981 4105 Abbatia
994 4031 1089 4105 fideli
1104 4031 1238 4127 imperii
1255 4032 1403 4103 salutem
1421 4040 1457 4102 et
1470 4049 1624 4100 amorem

218 4153 404 4227 sincerum.
420 4154 608 4228 Adcmino
625 4155 836 4250 imperatore
859 4157 1077 4229 serenissimo
1091 4167 1190 4252 patra
1211 4163 1330 4227 nostro
1357 4153 1550 4248 recepimus
1572 4152 1625 4223 lit·

218 4288 310 4352 teras
327 4279 364 4351 in
380 4279 446 4351 hac
464 4279 600 4352 formu:
619 4279 821 4354 Fredericus
831 4281 895 4353 Dei
907 4281 1019 4374 gratia
1034 4282 1222 4377 imperator
1236 4267 1470 4354 Romanomm
1489 4297 1626 4372 semper

220 4413 406 4496 auguratus,
423 4403 623 4477 temsotime
637 4413 672 4476 et
688 4404 801 4477 Sicilie
816 4425 900 4496 rex,
917 4403 1044 4476 dilecto
1060 4403 1132 4477 filio
1148 4424 1211 4476 suo
1224 4402 1407 4475 Fredctico
1420 4401 1465 4473 de
1478 4399 1626 4472 Anthio-

221 4526 298 4600 cbia
314 4527 432 4600 comiti
450 4529 558 4619 Albe,
574 4528 663 4601 sacri
683 4528 818 4623 imperii
835 4528 871 4599 in
889 4529 1012 4600 Tuscia
1025 4529 1155 4601 vicario
1171 4527 1338 4621 generali,
1359 4526 1505 4619 gratiam
1527 4546 1627 4598 suam

222 4661 258 4722 et
270 4672 374 4724 omne
392 4652 537 4724 bonum.
560 4652 766 4724 Petitionem
783 4651 992 4725 venerabilis
1010 4652 1147 4725 abbatis
1168 4661 1204 4723 et
1219 4657 1411 4723 conventus
1428 4649 1627 4722 monasterii

222 4773 338 4847 Sancti
359 4775 547 4848 Salvatoris
568 4776 613 4849 tle
638 4776 754 4848 Monte
779 4775 916 4848 Amiato
943 4775 1097 4849 fidelium
1118 4786 1316 4848 nostrorum
1339 4785 1458 4846 nostro
1486 4773 1627 4846 culmini
