4352 5940
516 541 577 602 5¹18
1014 545 1231 609 butbbatct
1254 543 1429 608 SECUNDI
1739 543 1822 621 [aas.
1839 542 1928 606 tata.

514 676 596 748 vide
613 697 651 748 se
669 675 825 748 eludant.
846 677 1072 751 Considerato
1090 689 1277 775 propteroa
1291 677 1503 752 verecundie
1519 687 1638 750 notam
1653 676 1796 749 culmini
1813 687 1929 750 nostre

515 799 706 892 majestatis
721 799 942 891 incumbere,
961 823 1066 895 mam
1080 815 1269 896 regnantes
1286 803 1416 878 debere
1432 801 1660 898 prospicimus
1672 801 1846 895 quoslibet
1857 802 1931 874 evi·

517 934 609 1014 tare,
629 923 863 1019 dispositionis
879 936 972 996 recte
989 928 1170 998 materiam
1187 927 1224 998 in
1240 925 1308 1000 hoc
1328 926 1474 1020 singulis
1492 924 1674 1014 tradimus,
1693 923 1778 996 dum
1792 922 1930 996 heradi-

516 1047 642 1118 tarium
662 1070 809 1140 τοςιιιιω
830 1059 989 1120 nostrum
1009 1050 1124 1123 Sicilie
1146 1073 1270 1146 parere
1291 1051 1392 1123 nobis
1410 1049 1447 1120 in
1462 1049 1534 1140 bis,
1555 1048 1645 1120 sicut
1663 1048 1700 1118 in
1719 1047 1930 1141 quibuslibet

516 1171 593 1243 aliis
610 1173 705 1244 omni
721 1193 850 1265 genere
870 1171 1066 1246 devotionis
1087 1174 1306 1268 obsequitur,
1324 1173 1538 1246 ordinamus.
1555 1171 1775 1264 Quamquam
1790 1180 1926 1262 autem,

516 1296 602 1369 dum
627 1297 763 1390 pridem
791 1295 937 1368 feliciter
961 1298 1007 1369 ab
1035 1299 1160 1371 eodem
1188 1319 1297 1392 regno
1327 1297 1547 1388 secessimus,
1577 1293 1749 1368 addentis
1773 1293 1930 1366 utilitatis

514 1420 627 1512 gratia
648 1419 867 1491 Germaniam
890 1422 1055 1514 revisuri,
1082 1421 1248 1495 officiales
1271 1442 1395 1493 omnes
1416 1431 1453 1492 et
1472 1419 1673 1514 capitaneos
1697 1439 1761 1514 per
1777 1427 1929 1490 nostram

515 1543 762 1615 excellentiam
788 1545 983 1636 ordinatos,
1005 1555 1083 1641 post
1108 1546 1306 1642 depositum
1329 1545 1512 1618 commisse
1536 1543 1603 1616 sibi
1623 1541 1929 1616 administrationis

516 1665 686 1756 officium,
713 1669 748 1738 in
773 1690 900 1762 magna
924 1669 1021 1742 curia
1045 1671 1146 1742 nobis
1175 1670 1322 1742 feliciter
1349 1669 1385 1741 in
1412 1688 1521 1762 regno
1549 1667 1787 1763 presentibus,
1810 1666 1868 1738 rel
1893 1665 1928 1737 in

517 1791 673 1864 absentia
689 1801 807 1865 nostra
825 1814 942 1864 coram
959 1813 1002 1864 eo
1020 1793 1081 1885 qui
1101 1793 1196 1866 vices
1214 1805 1349 1866 nostras
1363 1791 1493 1864 ibidem
1512 1811 1576 1887 pro
1595 1801 1752 1884 tempore
1774 1797 1925 1882 gereret,

513 1917 718 2007 jusserimus
731 1916 1043 2010 presentandos,ut
1057 1939 1162 2012 super
1171 1916 1436 1989 executionibus
1451 1915 1708 2004 mandatonrm,
1723 1935 1793 2006 que
1808 1913 1854 1987 ad
1869 1929 1928 1986 eos

516 2037 625 2110 fiscali
644 2041 701 2111 vel
717 2041 930 2134 privatorum
951 2039 1099 2112 utilitate
1115 2053 1293 2135 poscente,
1309 2040 1422 2116 officio
1441 2040 1589 2113 durante
1605 2047 1849 2134 pervenerant,
1864 2057 1927 2131 po·

517 2172 643 2233 nerent
664 2163 851 2254 rationem,
873 2175 977 2259 prout
1002 2185 1048 2236 ex
1072 2165 1180 2236 literis
1205 2166 1333 2237 nostris
1355 2165 1402 2237 ad
1423 2163 1611 2236 Henricum
1633 2162 1798 2236 dilectum
1819 2159 1927 2231 filium

516 2295 674 2358 nostrum
695 2297 731 2358 et
752 2287 861 2380 ipsius
878 2288 961 2359 olim
982 2289 1195 2360 consiliarios
1217 2289 1416 2379 destinatis,
1430 2309 1518 2380 quas
1539 2309 1602 2382 per
1621 2287 1716 2381 ipsos
1733 2307 1797 2381 per
1817 2295 1927 2356 totum

391 2407 402 2430 ⁸
517 2431 664 2502 regnum
678 2410 855 2504 publicare
870 2411 1124 2502 mandavimus,
1137 2412 1182 2483 ad
1195 2433 1259 2484 vos
1273 2413 1475 2506 conjicimus
1489 2411 1704 2508 pervenisse;
1719 2409 1800 2502 quia
1813 2418 1927 2480 tamen
2036 2425 2043 2439 ·

518 2532 685 2626 temporis
706 2554 747 2606 ac
767 2555 884 2604 rerum
906 2533 1074 2606 varietate
1096 2543 1280 2630 poscente,
1300 2536 1427 2631 quibus
1449 2533 1742 2640 oportetcaptnn·
1765 2531 1924 2623 consilia,

518 2659 657 2731 iortune
666 2667 783 2729 nostre
795 2657 1146 2753 felicitas,prorogato
1161 2659 1283 2730 itinere
1297 2658 1343 2732 ad
1355 2661 1556 2749 Germanos,
1568 2655 1603 2728 in
1619 2657 1756 2749 liguria
1772 2656 1927 2751 partibus

435 2769 440 2783 ’
518 2801 583 2853 nos
604 2779 809 2873 aliquandiu
832 2789 1025 2854 moraturos
1047 2781 1236 2853 instituerit
1256 2791 1298 2854 ut
1317 2793 1463 2874 auguste
1486 2779 1639 2877 potentie
1659 2781 1742 2852 novi
1763 2775 1927 2874 triumphi

389 2995 393 3002 .
518 2905 662 2976 materia
675 2926 746 2976 non
763 2905 914 2993 deesset,
933 2901 996 3002 [et]
1011 2927 1058 2976 ex
1072 2905 1218 3001 predicti
1230 2904 1292 2979 lilii
1308 2907 1417 2979 nostri
1432 2902 1649 2988 consiliariis,
1667 2923 1784 2974 coram
1801 2899 1927 2996 quibus

517 3027 682 3098 officiales
703 3048 903 3133 comparere
923 3037 1107 3122 propterea
1123 3027 1342 3119 debuissent,
1357 3028 1493 3123 aliquos
1505 3028 1542 3097 in
1558 3025 1777 3098 alleviatione
1790 3033 1926 3098 nostro·

517 3172 595 3223 rum
610 3172 756 3222 onerum
769 3151 816 3223 ad
833 3161 988 3223 nostram
1002 3152 1212 3246 presentiam
1229 3162 1406 3242 evocatos,
1424 3161 1460 3222 et
1473 3150 1643 3246 quosdam
1657 3149 1743 3222 alios
1755 3149 1832 3220 aliis
1845 3170 1926 3222 nos·

517 3273 579 3346 tris
606 3273 753 3346 servitiis
777 3273 981 3346 duxerimus
1003 3277 1279 3371 promovendos,
1305 3296 1386 3347 cum
1410 3272 1571 3348 fidelibus
1595 3274 1721 3346 nostris
1743 3272 1927 3365 regnicolis

515 3397 866 3471 solitamexoellentie
875 3400 1302 3472 nostremansuetudinem
1313 3409 1529 3488 exercentes,
1539 3397 1703 3471 veniendi
1711 3397 1926 3494 propterhoc

515 3520 562 3593 ad
577 3531 692 3615 partes
705 3521 840 3616 imperii
858 3543 935 3593 earn
951 3523 1191 3594 necessitatem
1213 3522 1468 3614 submovimus,
1487 3542 1534 3594 ne
1551 3522 1720 3594 damnosa
1736 3521 1802 3593 sibi
1819 3541 1924 3617 prop-

517 3655 612 3716 terea
627 3653 744 3716 nostre
758 3645 946 3737 majestatis
959 3643 1070 3718 officia
1088 3655 1301 3742 reputarent.
1319 3646 1426 3719 Vobis
1437 3645 1543 3736 igitur
1556 3645 1601 3718 de
1615 3665 1764 3738 quorum
1778 3654 1926 3738 experta

515 3765 585 3840 fide
603 3765 822 3856 confidimns,
839 3789 987 3860 quorum
1005 3766 1210 3842 industriam
1228 3769 1264 3840 in
1282 3769 1358 3841 aliis
1373 3769 1586 3864 experimur,
1604 3789 1692 3863 quos
1708 3769 1923 3842 examinato·

514 3913 571 3964 res
593 3891 847 3964 essevolumus
865 3891 909 3964 de
932 3892 1115 3986 predictis,
1131 3894 1345 3988 presentium
1367 3893 1571 3965 auctoritate
1594 3892 1804 3987 precipimus
1824 3909 1922 3964 man·

513 4016 637 4089 dantes
651 4025 820 4109 quatenus
835 4025 876 4086 ut
891 4017 1147 4112 quamprimum
1164 4017 1327 4090 officiales
1342 4017 1505 4089 transacti
1519 4017 1704 4112 temporis,
1721 4037 1784 4112 per
1806 4016 1922 4088 encel-

514 4140 656 4211 lentiam
681 4149 835 4210 nostram
854 4139 1090 4235 principaliter
1112 4141 1283 4229 ordinati,
1311 4139 1458 4235 posituri
1482 4139 1652 4212 rationem
1677 4139 1722 4212 de
1742 4148 1841 4232 gesto
1861 4155 1924 4234 per

513 4261 608 4354 ipsos
627 4261 741 4334 officio
757 4262 814 4333 vel
835 4282 874 4332 se
895 4263 997 4334 nobis
1016 4264 1195 4336 ultroneos
1215 4263 1381 4353 offerent,
1402 4262 1460 4336 vel
1486 4261 1533 4336 ad
1554 4263 1592 4336 id
1613 4263 1730 4336 vocati
1755 4281 1793 4334 se
1818 4261 1923 4334 etiam

513 4386 779 4478 praecumbunt,
803 4385 903 4457 tactis
927 4386 1156 4458 sacrosanctis
1178 4386 1383 4479 evangeliis,
1410 4389 1588 4484 corporale
1613 4387 1783 4484 prebeant
1806 4405 1922 4459 sacra·

512 4517 668 4580 mentum
690 4509 785 4602 quod
800 4509 963 4581 mandata
979 4510 1096 4582 omnia
1113 4519 1148 4582 et
1163 4511 1294 4602 literas,
1312 4513 1622 4605 quasamajestate
1641 4520 1761 4584 nostra
1780 4519 1923 4605 propter

510 4631 663 4705 officium
678 4633 849 4705 creditum
865 4631 1100 4705 exercendum
1118 4646 1338 4732 receperunt,
1354 4637 1454 4710 vobis
1470 4637 1621 4710 debcant
1633 4636 1768 4728 integre
1781 4651 1923 4731 presen-
