4310 5908
228 637 329 699 tem.
346 634 395 709 a]
674 626 871 692 visrourn
895 623 1193 692 nantoacensi.
1583 625 1643 686 vav

231 778 267 842 et
287 779 422 840 vestros
438 763 541 838 nobis
556 762 724 858 placuisse
744 761 952 852 recolimus,
976 771 1011 832 ct
1028 761 1216 856 placituros
1237 759 1273 832 in
1289 769 1392 834 autea
1406 759 1551 832 firmiter
1570 761 1646 856 opi-

232 914 368 966 namur.
397 889 468 962 Sed
483 910 529 960 ex
544 887 597 960 bis
614 885 771 960 debitum
790 885 1031 960 tantummodo
1049 898 1169 958 mutue
1188 884 1382 958 dilectionis
1404 885 1643 978 exsequimur,

232 1027 271 1091 ut
297 1037 319 1088 a
346 1015 473 1108 quibus
503 1033 569 1086 nos
588 1011 696 1084 amari
718 1010 949 1106 conspicimus
977 1031 1036 1084 eos
1054 1009 1282 1084 amicabiliter
1307 1009 1503 1102 diligamus.
1530 1009 1643 1084 Unum

131 1117 134 1122 ’
233 1149 472 1214 verumtamen
486 1137 533 1208 ad
549 1136 615 1210 hoc
629 1157 793 1230 expresse
808 1155 872 1210 nos
887 1135 1019 1206 excitat
1037 1143 1073 1206 et
1085 1133 1345 1228 quodammodo
1368 1133 1563 1209 necessario
1580 1155 1646 1206 nos

232 1264 379 1354 inducit,
395 1261 490 1356 qnod
511 1261 597 1334 dum
613 1262 651 1331 L.
675 1260 843 1332 illustrem
859 1281 979 1352 regem
997 1260 1209 1332 Francorum
1225 1269 1260 1330 et
1278 1258 1366 1330 alios
1383 1256 1472 1330 filios
1487 1268 1642 1350 vestros,

231 1409 318 1482 quos
333 1408 424 1483 pura
448 1385 574 1460 mentis
591 1384 772 1458 affectione
786 1383 979 1476 diligimus,
1002 1403 1074 1456 non
1100 1383 1175 1456 sine
1192 1382 1412 1479 providentie
1426 1392 1543 1456 vestre
1559 1403 1645 1456 con-

233 1513 310 1588 silio
329 1533 401 1606 quo
416 1511 601 1584 salubriter
621 1531 768 1602 regnum
789 1509 932 1583 Francis
946 1509 1175 1602 gubernatur,
1193 1509 1297 1580 Terre
1313 1510 1438 1582 Sancte
1461 1508 1645 1601 negocium

232 1647 303 1712 um
325 1637 474 1710 libenter
497 1657 604 1729 quarn
624 1634 755 1708 utiliter
778 1632 1012 1728 conspicimus
1032 1633 1280 1728 assumpsisse,
1305 1633 1351 1708 ad
1374 1634 1559 1726 prestanda
1580 1633 1646 1708 sibi

233 1783 337 1858 super
353 1761 419 1833 hec
436 1757 671 1831 munificentie
685 1768 804 1831 nostre
822 1758 982 1849 suffragia
1001 1766 1097 1832 tauto
1119 1757 1284 1834 libentius
1298 1757 1497 1850 invitamur,
1513 1769 1645 1854 quanto

233 1884 355 1981 perid
384 1885 524 1978 publico
552 1884 646 1954 bono
674 1880 757 1954 fidei
782 1881 967 1954 christiane
997 1881 1203 1972 consulitur,
1228 1892 1430 1978 quantoque
1460 1884 1642 1976 negocium

232 2010 347 2106 ipsum
366 2030 431 2081 nos
454 2030 517 2104 pre
540 2007 664 2080 ceteris
685 2006 779 2078 orbis
801 2016 891 2078 terre
907 2005 1122 2102 principibus
1142 2007 1240 2100 qnasi
1264 2006 1416 2100 quadam
1432 2007 1643 2102 specialitate

235 2132 419 2222 sollicitat,
446 2153 489 2204 ac
510 2131 615 2203 etiam
633 2153 739 2225 super
761 2129 827 2202 hoc
847 2139 1004 2202 nostrum
1024 2129 1260 2225 principaliter
1284 2129 1450 2202 interesse
1469 2141 1639 2204 versatur.

234 2258 410 2330 vellemus
425 2255 554 2328 etenim
570 2251 677 2352 (teste
691 2251 783 2350 Deo)
803 2254 849 2326 ad
865 2254 1144 2350 prosecutionem
1164 2263 1235 2325 tam
1253 2255 1362 2326 sancti
1381 2255 1546 2350 propositi
1564 2278 1643 2351 per·

234 2381 399 2453 sonaliter
410 2379 641 2473 nosmetipsos
655 2378 842 2469 adducere,
855 2387 896 2449 ut
908 2377 1056 2472 qualiter
1068 2386 1103 2449 ct
1115 2387 1284 2472 quantum
1300 2379 1529 2472 noscjusdem
1540 2401 1645 2472 nego·

234 2505 277 2578 cii
310 2527 394 2578 cura
417 2503 597 2600 perungit,
621 2511 796 2574 tantorum
820 2501 1017 2599 principum
1049 2503 1212 2574 comitiva
1240 2502 1390 2594 suffulti,
1416 2505 1645 2598 personaliter

233 2640 427 2705 monstrare
442 2651 635 2726 possemus.
656 2629 726 2700 Sed
743 2637 912 2724 concepta
923 2627 998 2720 Jam
1016 2627 1150 2703 dudum
1170 2629 1228 2700 vel
1243 2628 1416 2702 obstinata
1431 2627 1516 2721 quin
1530 2631 1645 2725 potius

235 2777 325 2852 pape
349 2754 459 2828 nostri
486 2753 640 2844 durieie,
664 2753 760 2826 dinis
783 2751 967 2825 christiane
989 2751 1088 2824 Sedis
1109 2753 1272 2843 antistes,
1298 2753 1355 2826 eui
1377 2752 1513 2826 excidia
1534 2764 1586 2826 tot
1610 2766 1646 2828 et

235 2889 331 2954 tanta
346 2879 409 2952 vix
430 2877 627 2974 displicent,
646 2878 732 2951 dum
749 2876 881 2950 eisdem
898 2877 1113 2950 voluntarius
1128 2898 1165 2950 sc
1180 2877 1369 2968 immiscet,
1386 2889 1488 2972 prout
1502 2879 1645 2952 univer·

234 3003 316 3075 selis
335 3001 401 3074 hec
422 3002 518 3074 notio
535 3000 707 3096 publicat,
740 3010 775 3072 et
789 3009 905 3073 vestra
925 2999 1121 3076 serenitatis
1144 3001 1333 3092 industria,
1356 3001 1445 3074 sicut
1464 3023 1528 3098 pro
1545 3001 1645 3076 firmo

235 3126 426 3217 credimus,
442 3146 514 3198 non
531 3125 685 3218 ignorat,
699 3123 946 3220 impedimenta
956 3123 1119 3196 continua
1134 3124 1261 3198 nostris
1277 3125 1496 3221 processibus
1511 3127 1644 3220 objicit,

235 3261 271 3322 ct
295 3249 430 3344 expleri
454 3258 573 3321 nostra
597 3247 770 3320 desideria
793 3269 864 3320 non
890 3247 1069 3343 permittit.
1095 3248 1270 3320 vellemus
1294 3248 1536 3340 nihilominus,
1561 3249 1646 3322 dum

234 3373 279 3446 ad
304 3369 584 3468 prosecutionem
611 3371 699 3444 tanti
722 3371 858 3464 negocii
881 3369 1078 3467 personalia
1103 3393 1174 3442 non
1197 3393 1381 3468 possumus
1399 3373 1646 3467 adjuvamenta

233 3497 435 3593 porrigere,
465 3516 582 3568 rerum
605 3494 807 3569 victualium
836 3495 991 3568 subsidia
1015 3495 1235 3586 ministrare,
1266 3495 1333 3568 nisi
1350 3496 1488 3570 caristia
1515 3499 1647 3571 victua·

235 3621 340 3710 lium,
358 3641 427 3714 quc
442 3617 580 3693 duobus
592 3618 666 3712 jam
680 3619 853 3715 preteritis
868 3619 967 3692 annis
984 3619 1020 3690 in
1040 3641 1148 3712 regno
1162 3630 1281 3692 nostro
1295 3619 1443 3693 invaluit
1459 3631 1494 3694 et
1508 3643 1648 3718 presen-

236 3754 305 3816 tem
322 3744 428 3816 etiarn
441 3765 513 3817 non
531 3743 667 3830 omisit,
686 3753 804 3816 nostre
819 3742 1027 3840 provisionis
1039 3742 1219 3835 ordinem,
1234 3765 1339 3838 quern
1356 3765 1461 3841 super
1479 3745 1545 3820 hoc
1559 3747 1645 3820 libe·

234 3868 352 3941 rulitas
367 3877 487 3940 nostra
500 3867 651 3940 libenter
666 3877 890 3964 conceperat,
912 3867 1141 3964 prepedisset.
1158 3867 1231 3940 Nec
1247 3877 1363 3940 tamen
1376 3879 1559 3964 propterca
1575 3873 1648 3968 pati

234 3989 411 4086 potuinrns
430 3991 514 4084 quin
527 4000 645 4063 vestra
663 4001 699 4064 et
715 3989 866 4064 filiorum
879 4000 1074 4064 vestrorum
1086 3990 1270 4064 dilectione
1285 3993 1504 4084 commoniti,
1523 4004 1559 4066 st
1577 4003 1647 4067 tam

236 4113 383 4187 salubris
403 4114 538 4206 negocii
554 4115 738 4188 commodo
754 4116 927 4211 persuasi,
946 4117 1116 4190 vellemus
1136 4117 1252 4211 potius
1267 4117 1368 4189 nobis
1384 4117 1467 4214 ipsis
1484 4129 1518 4190 et
1534 4116 1647 4192 fideli·

235 4239 301 4310 bus
321 4237 448 4310 nostris
468 4238 653 4330 regnicolis
672 4239 709 4310 in
732 4239 886 4334 ipsorum
906 4239 1109 4311 victualium
1130 4241 1329 4332 erogatione
1350 4237 1522 4333 deficere,
1542 4265 1647 4336 quam

237 4360 400 4456 predictis
415 4357 494 4432 filiis
508 4361 633 4432 vestris
652 4371 688 4433 et
704 4360 779 4433 aliis
795 4361 894 4454 regni
907 4361 1014 4433 vostri
1028 4359 1210 4451 fidelibus,
1227 4365 1286 4456 qui
1298 4385 1362 4459 per
1377 4385 1414 4436 se
1428 4367 1485 4437 vel
1502 4366 1648 4440 nuncios

237 4503 317 4556 suos
335 4503 400 4579 per
420 4503 566 4576 regnum
580 4494 738 4557 nostrum
753 4483 936 4556 transitum
951 4484 1162 4578 habuerunt,
1184 4486 1220 4557 in
1236 4496 1306 4558 tam
1322 4487 1487 4560 laudabili
1504 4499 1540 4562 et
1558 4491 1649 4564 felici

239 4607 515 4708 peregrinatione
533 4607 667 4684 deesse.
690 4609 812 4706 Nuper
827 4608 931 4684 etiam
949 4618 1144 4682 vestrorum
1170 4609 1366 4684 interventu
1388 4615 1647 4710 precaminum,

132 4727 137 4738 '
240 4753 305 4826 que
325 4733 488 4806 nolumus
508 4753 574 4806 nec
594 4733 755 4811 novimus
779 4733 965 4826 obaudire,
986 4732 1029 4806 Α.
1054 4733 1172 4808 comiti
1188 4734 1412 4826 Pictaviensi,
1431 4737 1559 4814 dilecto
1579 4739 1649 4814 ulio
