4300 5916
1024 560 1208 626 connum
1231 560 1383 638 Qucum
1716 559 1798 644 [An.
1815 560 1900 623 1242.

421 1233 444 1264 ο,
466 1197 473 1222 ‚
558 1147 772 1244 Conredus,
795 1147 834 1228 in
853 1147 1114 1232 Romanorum
1131 1175 1261 1260 regem
1278 1149 1419 1232 electus
1432 1211 1444 1258 ‚
1459 1149 1632 1233 officiatis
1649 1148 1797 1258 imperii
1810 1173 1904 1230 cue-

503 1279 668 1388 terisque
684 1277 860 1361 fidelibus
879 1281 1036 1362 mandat
1053 1292 1097 1363 ut·
1111 1280 1220 1390 juxta
1238 1291 1408 1365 tenorem
1425 1281 1709 1392 privilegiorum
1728 1279 1903 1364 Friderici

503 1411 741 1520 imperatoris
758 1413 877 1521 patris
903 1413 962 1494 sui
984 1424 1021 1495 et
1043 1413 1208 1496 aliorum
1230 1415 1525 1524 imperatorum,
1545 1415 1644 1498 circs
1664 1413 1904 1524 Moguntinos

502 1544 739 1654 exemptione
755 1570 940 1628 noverum
957 1544 1202 1629 collectarum
1224 1545 1299 1629 frui
1318 1546 1552 1657 permittant.

584 1759 705 1840 (lnedtt.
720 1777 759 1820 cx
774 1761 909 1837 ortgtnull
921 1764 953 1822 ln
968 1761 1102 1822 biblioth.
1117 1761 1234 1841 publica
1248 1761 1634 1842 llognntlnc‚eu1usnobts
1648 1763 1763 1840 coptum
1780 1759 1903 1822 linorell-

622 1873 684 1927 tute
697 1883 751 1928 suc
764 1867 849 1927 sollte
862 1866 948 1928 nobts
961 1867 1031 1928 lectt
1044 1868 1095 1930 Fr.
1111 1867 1316 1947 Boehmcrus.)

551 2053 730 2128 Conradus
744 2052 816 2125 divi
833 2055 970 2147 augusti
987 2055 1204 2150 imperatoris
1217 2055 1382 2129 Friderici
1396 2053 1507 2149 filius,
1523 2055 1585 2128 Dei
1603 2055 1718 2148 gracie
1735 2054 1904 2128 Romano·

503 2201 581 2252 rum
601 2179 637 2249 in
657 2199 774 2270 regern
796 2177 946 2268 electus,
972 2199 1109 2273 semper
1124 2189 1291 2271 augustus
1311 2190 1347 2252 et
1368 2179 1469 2252 heres
1484 2179 1584 2272 regni
1598 2179 1811 2269 trementem,
1829 2177 1905 2249 uni·

503 2302 611 2376 versis
621 2301 778 2374 officiatis
793 2302 985 2396 ceterisque
999 2303 1133 2397 imperii
1147 2301 1308 2376 fidelibus
1321 2303 1447 2396 quibus
1459 2311 1637 2400 presentes
1646 2303 1760 2375 littere
1772 2313 1905 2376 ostense

502 2428 652 2518 luerint,
674 2426 827 2518 graciam
843 2448 941 2498 snam
964 2436 1000 2499 et
1022 2448 1125 2499 omne
1143 2429 1285 2500 bonum.
1304 2427 1389 2501 Cum
1407 2428 1569 2500 dominus
1586 2437 1621 2500 et
1639 2426 1775 2521 genitor
1792 2437 1908 2499 noster

502 2551 735 2624 Romanorum
762 2551 949 2645 imperator
978 2551 1111 2624 civibus
1142 2551 1351 2646 Maguntinis
1377 2552 1502 2625 merito
1528 2551 1663 2624 servicii
1688 2573 1808 2624 corum
1831 2572 1906 2624 enm

503 2674 643 2752 duxerit
679 2675 830 2766 graciam
857 2673 1070 2766 faciendam,
1098 2683 1139 2746 ut
1166 2676 1283 2768 quoad
1306 2677 1433 2749 vixerit
1462 2676 1608 2750 Silridus
1630 2676 1908 2772 archiepiscopus

501 2799 725 2892 Maguntinu's
741 2807 777 2868 ct
793 2797 828 2866 in
847 2797 1001 2869 serviciis
1017 2797 1152 2893 imperii
1170 2798 1261 2871 benc
1279 2821 1317 2871 se
1332 2800 1519 2893 gesserint,
1538 2821 1602 2895 per
1616 2821 1737 2872 omnes
1752 2800 1907 2872 civitates

502 2924 638 3019 imperii
656 2935 747 2995 terra
759 2932 795 2994 ct
807 2943 897 3016 aqua
911 2922 955 2995 de
972 2923 1132 2995 omnibns
1148 2924 1253 2996 rebus
1265 2924 1336 2996 suis
1349 2945 1436 3018 quas
1450 2923 1662 3020 portaverint
1677 2924 1745 2996 sint
1756 2924 1801 2997 ab
1815 2924 1908 2997 omni

503 3047 684 3120 exactione
708 3046 859 3119 thelonei
885 3047 984 3119 liberi
1008 3057 1043 3120 ct
1068 3049 1240 3145 exempti,
1263 3058 1298 3121 ct
1327 3058 1484 3146 preterea
1502 3051 1594 3122 bona
1615 3049 1769 3144 ipsorum
1787 3069 1856 3144 quc
1872 3049 1908 3120 in

502 3172 629 3244 nostris
644 3170 775 3243 habent
784 3170 1100 3263 jurisdictionibus,
1115 3194 1184 3266 que
1198 3172 1243 3244 ab
1259 3173 1402 3266 antiquo
1417 3173 1463 3245 nh
1477 3172 1571 3245 omni
1585 3173 1694 3245 stuira
1706 3181 1742 3246 et
1756 3173 1908 3268 precaria

501 3295 631 3367 luerint
648 3295 756 3367 libera
775 3304 811 3367 ct
829 3305 1012 3390 exempta,
1033 3295 1184 3368 maxime
1202 3297 1414 3392 temporibus
1430 3296 1589 3370 divomm
1609 3307 1835 3390 angustorum
1852 3297 1908 3368 avi

502 3419 610 3516 ipsius
633 3419 849 3513 imperatoris
870 3419 1033 3492 Friderici
1057 3429 1091 3492 ct
1115 3420 1299 3515 patrissui
1324 3421 1492 3512 Heinrici,
1512 3421 1679 3494 memorie
1703 3420 1904 3508 recolende,

502 3544 602 3615 novis
625 3542 779 3615 collectis
800 3551 835 3614 et
852 3541 967 3614 stuiris
989 3543 1187 3616 nullatenus
1210 3542 1434 3639 impetantur,
1458 3553 1493 3616 et
1508 3543 1652 3639 antiqua
1667 3545 1826 3617 libertate
1840 3564 1908 3638 qua

502 3665 666 3763 predictis
683 3665 895 3760 temporibus
909 3666 962 3736 usi
980 3675 1078 3757 sunt,
1101 3667 1193 3739 felici
1214 3666 1322 3761 ipsius
1341 3677 1494 3763 tempore
1509 3669 1687 3761 gaudeant
1704 3679 1740 3740 et
1752 3676 1905 3758 utantur,

503 3790 592 3863 sicut
612 3791 646 3860 in
666 3789 854 3886 privilegiis
874 3789 1003 3861 exinde
1019 3790 1185 3862 conlectis
1201 3787 1265 3861 hcc
1281 3791 1398 3863 omnia
1415 3792 1552 3886 plenius
1566 3793 1805 3884 continentur;
1830 3792 1907 3864 uni·

502 3912 656 3985 versitati
670 3925 783 3984 vestre
801 3933 863 4008 per
877 3913 1056 3984 obtentum
1069 3912 1183 4004 gracie
1198 3923 1342 4008 paterne
1354 3922 1389 3985 ct
1402 3924 1519 3986 nostre
1531 3912 1674 3986 firmiter
1687 3914 1907 4010 precipiendo

503 4036 723 4127 mandamus,
739 4057 783 4107 ne
800 4036 877 4129 quis
892 4057 938 4107 cx
951 4036 1052 4107 vobis
1068 4036 1242 4131 predictos
1258 4037 1351 4108 cives
1365 4037 1402 4107 in
1417 4037 1573 4133 predicta
1589 4038 1704 4133 gracia
1721 4039 1805 4133 ipsis
1819 4040 1909 4110 facta

503 4169 625 4230 contra
646 4167 801 4229 tenorem
821 4158 1032 4253 presentium
1058 4158 1225 4254 impetere
1249 4161 1307 4231 vel
1328 4161 1511 4232 molestare
1526 4169 1717 4257 presumat.
1733 4160 1835 4245 Quod
1850 4159 1909 4253 qui
2045 4253 2050 4258 .

505 4281 773 4378 presumpserit,
791 4279 1063 4375 indignationem
1084 4293 1236 4356 nostram
1257 4292 1293 4355 ct
1308 4283 1442 4380 imperii
1462 4305 1499 4356 se
1516 4284 1602 4357 sciat
1623 4285 1775 4379 graviter
1795 4285 1908 4356 incur·

503 4406 602 4477 risse.

553 4530 677 4601 Actum
708 4536 743 4599 et
769 4527 889 4598 datum
914 4528 1008 4622 apud
1036 4529 1190 4624 spiram,
1216 4551 1309 4602 anno
1331 4531 1446 4623 gracie
1471 4531 1652 4604 millesimo
1672 4531 1910 4604 ducentesimo

505 4652 952 4746 quadragesimosecundo,
970 4674 1088 4724 mense
1103 4653 1290 4744 februario,
1307 4655 1370 4726 XV
1386 4655 1586 4727 indictione.
