4306 5914
514 613 575 677 'lld
1013 612 1229 676 carnanter
1253 614 1427 677 securint
1727 618 1811 704 [ean.
1829 621 1919 688 lm.

512 749 773 841 committenda
791 749 941 846 ideoque
954 749 1171 822 universitati
1185 760 1302 824 vestre
1314 750 1469 824 districte
1480 752 1705 848 precipiendo
1716 755 1924 831 mandemus

510 883 682 968 quatem
703 875 817 970 ipsum
840 875 946 948 immo
967 873 1161 969 pcdusnos
1181 873 1218 945 in
1240 894 1283 946 eo
1303 872 1430 948 devote
1452 876 1658 972 recipientes
1677 887 1714 952 et
1732 877 1924 956 honorilice

510 1008 773 1095 pertractantes,
789 998 903 1072 eidem
914 1008 1079 1092 tanquam
1088 997 1278 1093 apostolico
1286 998 1401 1090 legato
1412 998 1590 1072 humiliter
1602 999 1804 1094 intendatis,
1815 1003 1922 1100 ipsius

511 1125 642 1196 monita
661 1135 697 1197 et
713 1133 876 1220 precepta
890 1133 926 1196 et
939 1143 1159 1217 quecumque
1173 1123 1274 1195 vobis
1287 1144 1339 1196 ex·
1353 1134 1451 1218 parte
1470 1133 1591 1197 nostm
1607 1125 1800 1220 injunxerit
1813 1126 1920 1202 firmi·

457 1256 461 1266 ’
512 1257 565 1321 ter
579 1247 823 1344 adimplendo,
838 1247 994 1340 alioquin
1009 1246 1233 1336 sarmatiam,
1242 1268 1349 1340 ᾳιιιιιιι
1363 1246 1458 1320 idem
1471 1247 1590 1321 tulerit
1603 1247 1640 1321 in
1654 1249 1823 1342 rebelles,
1847 1259 1916 1324 etc.

558 1373 686 1444 Datum
701 1372 875 1464 Lugduni,
889 1372 948 1443 Vll
964 1369 1043 1472 idus
1056 1370 1187 1466 aprilis,
1203 1390 1296 1442 anno
1311 1370 1384 1444 vr.

558 1495 643 1568 Fere
657 1494 868 1568 ineumdem
882 1493 1026 1568 modum
1039 1493 1205 1589 scriptum
1216 1503 1270 1566 est
1281 1493 1485 1586 baronibus,
1495 1495 1682 1590 nobilibus,
1693 1497 1921 1592 potestatibus

510 1627 547 1691 et
560 1617 758 1692 civitatibus
772 1617 947 1692 marchiae
960 1617 1199 1691 Ancomtanae
1213 1627 1250 1690 et
1263 1617 1410 1692 ducatus
1425 1619 1619 1718 Spoletani;

557 1742 763 1835 Baronihus,
783 1743 1024 1839 potestatibus,
1038 1742 1243 1833 rectoribus,
1259 1751 1346 1834 etc,
1359 1764 1422 1838 per
1434 1742 1655 1838 Campaniam
1668 1743 1920 1816 etbiaritimom

512 1866 724 1958 constitutis3

560 1991 736 2066 Universis
766 1988 928 2064 fidelibus
954 1991 1128 2063 Ecclesiae
1150 2010 1214 2086 per
1234 1989 1482 2064 Patrimonium
1508 1991 1603 2064 beati
1626 1992 1717 2066 Petri
1738 1993 1775 2064 in
1797 1993 1920 2067 Tuscia

513 2115 725 2204 constitute

562 2237 691 2312 Abbati
706 2238 905 2311 monasterii
920 2237 1106 2328 Foriensis3

562 2363 733 2459 Episcopo
754 2361 919 2454 Ostiensi,
937 2360 1169 2434 cardinalibus
1188 2361 1335 2434 Sanctae
1352 2359 1481 2434 Mariae
1495 2361 1740 2434 'lnanstiberim
1755 2372 1793 2436 et
1804 2363 1922 2437 Sancti

514 2486 653 2581 Angeli,
669 2506 807 2559 necnon
826 2495 862 2559 ct
876 2484 1028 2558 senatori
1041 2485 1196 2559 Romane
1208 2481 1274 2582 (l).

724 2837 1187 2849 ---·----—.-.....-.....-..-.-
1194 2842 1228 2848 .-.
1235 2838 1702 2852 ——-.-—-——-——-.u--O

447 3155 457 3217 ,⁹
566 3109 806 3193 Innocentius
823 3136 923 3220 papa
944 3109 1055 3193 Petro
1077 3109 1261 3192 cardinali
1287 3108 1415 3193 Sancti
1435 3109 1585 3218 Georgii
1607 3109 1658 3192 ad
1673 3108 1811 3192 Velum
1829 3108 1919 3193 Au-

514 3267 621 3325 reum
649 3253 872 3352 potestatem
898 3243 965 3326 dat
990 3242 1231 3352 promittendi
1255 3241 1433 3352 praelatis
1451 3250 1489 3325 et
1504 3241 1738 3352 principibus
1763 3241 1919 3326 secula-

513 3375 619 3458 ribus
649 3377 754 3486 quod
780 3400 978 3487 nunquam
1007 3377 1088 3486 ipse
1112 3375 1171 3459 rel
1198 3375 1334 3458 iratres
1358 3375 1415 3458 sui
1446 3400 1578 3485 pacem
1608 3400 1695 3457 cum
1724 3373 1921 3460 Frederioo

513 3505 795 3616 reformabunt,
814 3508 868 3591 ita
887 3510 992 3618 quod
1007 3507 1228 3592 Fredericus
1246 3506 1305 3592 rel
1325 3506 1463 3618 aliquis
1480 3506 1647 3591 liliorum
1664 3507 1747 3617 ejus
1769 3533 1837 3591 rex
1854 3517 1921 3592 aut

513 3639 719 3750 imperator
734 3640 883 3725 existet.

592 3881 717 3956 (turult.
741 3899 779 3944 ex
801 3883 867 3944 cod.
882 3881 958 3944 utbt.
979 3881 1076 3944 οιιιι.
1093 3881 1198 3958 Parta,
1219 3873 1489 3960 aaasoadstatar,
1510 3889 1544 3941 n·
1565 3889 1656 3954 toto,
1684 3881 1775 3942 litter.
1799 3882 1916 3956 canat,

632 3985 742 4066 meo.)

549 4237 583 4312 (t)
601 4237 734 4308 Quasdam
743 4237 809 4296 alias
821 4237 965 4294 iunocentii
977 4241 1064 4312 papae
1076 4237 1204 4311 epistolas
1216 4236 1261 4294 bic
1269 4236 1452 4296 tantummodo
1463 4251 1654 4309 memoramus,
1667 4235 1785 4296 scibm:
1794 4235 1830 4295 ad
1842 4251 1918 4295 eum·

512 4336 573 4394 dem
585 4335 677 4393 Sancti
690 4335 796 4408 Georgii
808 4333 969 4393 cardinalem
980 4340 1011 4392 ut
1029 4335 1058 4392 in
1075 4334 1200 4393 omnibus
1215 4335 1296 4393 terris
1312 4350 1377 4392 suae
1396 4334 1521 4408 legationi
1538 4335 1690 4394 commissis
1707 4334 1800 4410 copias
1812 4331 1920 4408 colligat

513 4431 547 4490 sd
560 4448 671 4506 ragnum
684 4432 789 4490 Siciliae
799 4431 989 4490 invadendum.
1001 4433 1135 4506 Lugduni,
1150 4433 1175 4492 V
1189 4432 1251 4490 idus
1262 4432 1354 4508 aprilis
1368 4436 1393 4506 (9
1406 4431 1516 4506 aprilis).

549 4529 590 4585 tld
608 4529 733 4586 eumdem
749 4536 780 4586 ut
797 4545 847 4604 pro
867 4530 989 4604 expensis
1006 4529 1088 4603 hujus
1107 4529 1169 4586 belli
1186 4529 1278 4586 decem
1296 4529 1378 4587 millia
1394 4545 1546 4587 marcarum
1564 4529 1668 4603 argenti
1685 4545 1768 4605 super
1784 4533 1875 4587 cestra
1889 4533 1920 4586 at

514 4633 599 4683 terras
612 4625 688 4684 urbis
698 4627 814 4696 Romae,
828 4633 856 4684 ot
867 4626 961 4685 decem
974 4627 1056 4684 millia
1068 4625 1162 4685 uncias
1178 4626 1236 4684 auri
1254 4641 1335 4700 super
1348 4631 1437 4686 castra
1452 4626 1607 4686 Patrimonii
1617 4626 1702 4685 sancti
1716 4625 1787 4686 Petri
1801 4624 1920 4684 mutuari

513 4722 606 4798 possit.
620 4723 751 4797 Lugduni,
763 4723 812 4784 vlt
822 4724 883 4783 idus
893 4725 983 4800 aprilis
997 4726 1024 4800 l⁷
1035 4723 1148 4799 aprilis).
