4300 5916
516 603 578 665 aar
1038 601 1219 666 counanr
1242 598 1395 676 ooourr
1729 598 1812 678 [tm.
1829 599 1919 664 rara.

566 742 651 812 Item
672 741 708 811 in
725 760 880 835 expensa
897 760 959 810 sua
976 739 1069 833 apud
1085 737 1298 830 Maguntiam
1314 733 1366 832 (a)
1385 735 1428 807 [V
1452 753 1599 806 marcas.
1621 773 1670 788 -
1688 735 1830 807 Summa
1848 736 1922 808 dati

517 864 636 937 cccvi
651 885 780 936 marce.

566 987 778 1082 Computatis
793 985 969 1058 hincinde
984 985 1128 1078 singuiis
1146 994 1182 1056 ct
1199 981 1383 1072 universis,
1399 1002 1464 1054 nos
1481 989 1640 1053 tenemur
1657 982 1792 1055 solvere
1806 982 1921 1056 eidem

517 1111 670 1185 Gerardo
685 1108 918 1209 'LXX[X]Viii
941 1131 1075 1182 marcas
1093 1119 1129 1182 et
1151 1107 1330 1182 dimidiam
1354 1125 1526 1196 marcam,
1548 1115 1584 1176 et
1603 1104 1745 1178 habebit
1768 1105 1922 1178 officium

517 1257 628 1330 usque
651 1234 698 1305 ad
721 1236 846 1306 fesium
870 1236 994 1306 Sancte
1015 1233 1191 1305 Marianae
1212 1231 1370 1326 proxima
1392 1231 1562 1300 futurum.
1584 1228 1674 1300 Dicit
1700 1229 1805 1300 otiam
1826 1229 1921 1302 idem

517 1358 691 1430 Gerardus
712 1360 808 1450 quod
831 1381 893 1452 per
919 1358 1071 1452 sedecim
1097 1356 1307 1451 septimanas
1331 1355 1471 1426 wnebat
1496 1352 1746 1447 quinquaginta
1769 1364 1921 1426 armatos

517 1505 598 1555 cum
626 1482 769 1554 totidem
788 1483 1004 1577 equitatuum
1024 1481 1070 1554 ad
1093 1489 1250 1552 nostrum
1274 1477 1470 1568 servitium,
1494 1476 1688 1570 dequibus
1711 1477 1785 1572 ipsa
1807 1478 1920 1550 nullas

517 1607 652 1700 accepit
667 1627 839 1700 expensas
858 1636 866 1678 ε
885 1606 1008 1678 domus
1028 1627 1090 1676 sua
1109 1603 1239 1696 Sintzig
1256 1602 1455 1691 combusta,
1477 1613 1513 1672 ct
1529 1601 1649 1673 vinum
1671 1623 1773 1672 suum
1795 1611 1831 1674 et
1849 1603 1920 1672 iru-

518 1741 674 1802 mentum
686 1730 850 1825 dissipata
864 1741 957 1820 suni,
977 1739 1012 1801 et
1025 1729 1262 1823 possessiones
1274 1747 1336 1798 sua
1348 1726 1485 1799 aduste.
1497 1725 1657 1821 Captivos
1668 1747 1758 1817 quos
1770 1725 1921 1798 habehat

517 1853 648 1926 dimisit
667 1853 712 1923 ad
731 1855 933 1925 mandatum
951 1862 1107 1925 nostrum
1122 1851 1266 1940 solutos,
1283 1850 1468 1943 dequibus
1487 1859 1622 1944 poterat
1639 1849 1767 1922 habere
1786 1859 1825 1921 ut
1837 1849 1919 1922 dicit

517 1978 576 2048 XL
590 1997 738 2049 marcas.
756 1977 867 2070 Super
883 1975 937 2046 his
949 1987 1112 2070 expectat
1124 1975 1270 2068 gratiam
1286 1973 1502 2068 imperatoris
1514 1984 1549 2045 ot
1562 1981 1727 2046 nostram.

567 2103 691 2172 Datum
714 2099 808 2194 apud
825 2099 1088 2189 Rodemburch,
1111 2119 1204 2171 anno
1224 2097 1470 2170 incarnationis
1492 2097 1629 2169 Domini
1651 2097 1835 2170 miiiesimo
1857 2099 1919 2172 du·

518 2225 706 2300 centesimo
726 2223 991 2316 quadragesimo
1016 2223 1187 2311 secundo,
1205 2222 1242 2293 in
1262 2221 1416 2294 secundo
1437 2221 1495 2293 die
1513 2221 1642 2293 manns
1664 2222 1763 2311 maii,
1784 2222 1847 2294 XV
1866 2221 1918 2294 in·

517 2350 681 2422 dictione.

572 2865 786 2971 conradus,
806 2865 846 2946 in
865 2865 1124 2950 Romanorum
1143 2891 1272 2975 regem
1290 2866 1446 2974 clectus,
1460 2868 1605 2949 civibus
1618 2867 1667 2950 dc
1684 2865 1920 2976 Wetphlaria

365 2998 389 3030 ⁰
517 3010 554 3081 et
583 3000 631 3079 de
663 2996 916 3080 Frankcniurt
941 2999 1049 3106 jura,
1078 2998 1271 3082 libertates
1298 3011 1335 3082 et
1357 3000 1648 3084 consuetudines
1680 3025 1813 3084 eorum
1841 3013 1918 3084 tam

518 3131 694 3239 antiquas
713 3156 830 3240 quam
848 3157 967 3214 nouas
985 3131 1197 3215 confirmat.
1938 3139 1944 3150 '

1205 3403 1232 3472 Ι.

581 3649 583 3652 ¹
600 3574 700 3646 (Edid.
716 3573 849 3650 dunum,
861 3571 987 3657 Syiiopc,
1000 3581 1068 3640 eto.
1082 3591 1111 3651 p.
1129 3583 1199 3648 471,
1211 3592 1249 3636 ex
1263 3575 1399 3653 originali
1412 3575 1491 3636 unda
1505 3576 1650 3653 pendebat
1661 3577 1790 3656 sigilium
1803 3595 1919 3640 camum

637 3695 706 3740 cum
725 3683 936 3758 inscriptione:
953 3699 1110 3741 nunninus
1128 3698 1194 3740 nrrr
1211 3697 1344 3740 nvcvsrr
1362 3697 1563 3741 nurmaroars
1581 3699 1736 3743 ramsnrcr
1756 3701 1852 3744 nurus
1868 3701 1919 3746 nnn

636 3803 747 3845 onim
757 3803 942 3846 nouanonvu
954 3804 987 3846 ru
997 3803 1099 3846 aranu
1113 3803 1239 3847 nnncrvs
1252 3803 1346 3846 nuans
1359 3804 1463 3849 rsnnrr.
1479 3785 1525 3846 Cf.
1541 3787 1769 3866 sigiiiiflguram
1780 3790 1812 3848 in
1825 3792 1918 3867 capite

636 3894 709 3950 tomi
725 3889 844 3970 quinti.)

565 4077 759 4167 Conradus,
780 4077 853 4148 divi
876 4077 1014 4168 augusti
1034 4078 1251 4172 imperatoris
1267 4079 1430 4152 Fridcrici
1449 4079 1558 4172 iilius,
1578 4082 1642 4153 Dei
1662 4082 1774 4174 gratia
1793 4082 1916 4155 Roma·

517 4224 641 4274 norum
663 4202 697 4271 in
725 4221 843 4292 regem
875 4201 1005 4272 eiectus
1027 4223 1164 4296 semper
1188 4214 1356 4295 augustus
1384 4215 1419 4275 et
1443 4203 1544 4276 heres
1576 4206 1673 4298 regni
1707 4207 1913 4295 Jerusalem,

517 4324 687 4395 universis
704 4323 839 4417 imperii
857 4321 1017 4394 fidelibus
1034 4324 1081 4396 ad
1105 4349 1192 4418 quos
1208 4337 1387 4421 presentes
1407 4327 1519 4400 littere
1536 4330 1759 4425 pervenerint
1774 4331 1917 4424 gratiam

517 4456 667 4529 suamet
682 4469 785 4520 omne
803 4447 947 4520 bonum.
968 4448 1187 4521 Universitati
1204 4461 1317 4522 vestre
1340 4462 1460 4524 notum
1484 4449 1558 4524 fieri
1574 4455 1734 4526 volumus
1753 4475 1815 4548 per
1837 4475 1915 4550 pre·

559 4713 600 4792 (o)
621 4713 658 4774 In
668 4717 809 4792 impresso
823 4712 1017 4794 moratium,
1031 4715 1117 4774 maie.
