4318 5904
982 595 1110 657 tunsi
1132 595 1483 660 nocenturottuit.

946 921 1937 1005 timiakaimdtsmaiietpertreaaeptimnnnaaequenteaceie-

946 1020 1074 1083 brandus
1089 1022 1242 1102 dedgnat,
1257 1040 1420 1102 omnesque
1437 1030 1616 1084 mercatores
1630 1023 1702 1084 iiiuc
1717 1022 1867 1082 rmicntea
1880 1019 1936 1080 sub

945 1121 1295 1197 suoetimpmiidueatu
1307 1121 1590 1182 eniteaseaecnroa.
1877 1125 1935 1178 aot

628 1257 637 1275 ·
707 1211 849 1274 Veromo
906 1251 947 1264 —
965 1219 1109 1282 iacobum
1126 1221 1223 1283 fliium
1240 1221 1391 1299 quondam
1404 1221 1608 1298 Satinguarrae
1619 1217 1657 1279 de
1669 1217 1805 1278 Fcrmrta
1815 1217 1937 1275 investit

945 1315 984 1376 da
1002 1315 1158 1392 carpineta
1176 1323 1207 1378 et
1222 1319 1289 1378 atita
1302 1319 1391 1378 curiis
1407 1319 1439 1376 in
1457 1317 1589 1395 Regino,
1609 1315 1771 1376 Mutinensi
1788 1317 1820 1372 ct
1836 1311 1934 1372 Bono·

946 1414 1043 1473 nienat
1062 1413 1276 1490 episcopatibus
1294 1415 1373 1487 sitis,
1393 1429 1462 1474 cum
1478 1411 1617 1472 omnibus
1632 1409 1750 1490 juribus
1766 1424 1843 1486 quae
1855 1406 1933 1468 idem

857 1515 861 1524 '
945 1509 1132 1588 Satinguerra
1142 1513 1221 1588 juatc
1233 1513 1341 1571 tenuit.
1874 1513 1933 1564 ato

650 1644 658 1662 ·
707 1595 851 1659 Veronae·
906 1639 948 1651 -
965 1605 1102 1686 Phiiippo
1115 1608 1152 1668 dc
1166 1609 1333 1669 Brundusio
1349 1605 1445 1685 judici
1461 1607 1495 1666 in
1509 1607 1653 1667 uariata
1666 1601 1805 1666 Panduiii
1818 1602 1856 1662 dc
1872 1603 1932 1662 Fa·

946 1703 1056 1764 sancita
1069 1705 1192 1766 mandat
1203 1711 1239 1764 ut
1251 1707 1284 1765 in
1297 1704 1348 1764 itte
1360 1705 1438 1764 inter
1456 1703 1595 1764 abbatem
1610 1701 1710 1770 Sanco
1723 1699 1884 1762 salvatoris
1896 1699 1933 1759 da

947 1802 1049 1862 bionto
1065 1801 1184 1862 Amiato
1203 1807 1234 1862 at
1257 1801 1462 1880 bonagratiam
1481 1801 1561 1862 Petri
1583 1805 1614 1860 et
1635 1797 1776 1860 rodata
1793 1795 1832 1857 da
1850 1795 1934 1856 Senia

946 1903 1177 1976 procuratorem,
1187 1900 1294 1960 iterum
1307 1904 1396 1960 nster
1408 1897 1614 1975 producendos
1622 1895 1734 1956 audiat.
1876 1901 1929 1954 ttt

906 2025 945 2040 -
967 1993 1134 2055 Gotiridum
1148 2003 1178 2056 ct
1194 1995 1363 2057 Conradnm
1382 1995 1488 2056 batres
1501 1994 1539 2055 do
1556 1993 1730 2055 Hobmiobe
1747 1999 1845 2054 certos
1863 1991 1934 2052 ierit

946 2089 1026 2168 quod
1039 2106 1193 2168 nunquam
1211 2108 1262 2152 ens
1275 2091 1411 2170 gravabit
1427 2093 1460 2150 in
1475 2096 1574 2151 castro
1587 2089 1624 2150 dc
1636 2087 1784 2165 schippbe
1797 2093 1829 2148 et
1837 2089 1934 2163 perti·

946 2189 1054 2248 nuntiis
1070 2190 1148 2265 eins,
1161 2203 1239 2266 quaa
1255 2186 1431 2249 Ludewteua
1444 2187 1482 2246 de
1494 2186 1641 2264 schippna
1653 2202 1707 2262 per
1720 2185 1860 2247 Auatrtae
1875 2183 1933 2244 dn·

945 2297 1010 2344 oem
1031 2285 1063 2343 tn
1086 2285 1212 2362 gratiam
1232 2301 1319 2344 suam
1336 2283 1511 2344 reformatus
1532 2283 1643 2344 eisdam
1659 2297 1714 2359 pro
1733 2279 1860 2342 emenda
1882 2295 1933 2358 por

944 2396 1132 2441 manuasuaa
1145 2381 1329 2442 contradidit.
1875 2382 1932 2435 att

841 2512 848 2530 ·
905 2507 946 2524 —
965 2478 1013 2540 Ad
1030 2478 1273 2555 supplicationem
1290 2479 1400 2538 civium
1413 2477 1451 2538 do
1463 2475 1645 2554 Oppenhcim
1659 2473 1794 2536 iideiiom
1812 2487 1933 2534 suorum

944 2575 1079 2636 concedit
1093 2582 1129 2636 ut
1141 2576 1242 2636 nutius
1258 2592 1360 2636 eornm
1377 2577 1529 2636 mensione
1546 2573 1637 2634 duaiti
1653 2573 1769 2633 euocari
1785 2571 1833 2630 uei
1850 2577 1933 2630 extra

944 2673 1096 2734 civitatem
1120 2689 1208 2750 super
1233 2687 1422 2750 quacumque
1445 2687 1535 2732 causa
1562 2670 1643 2732 trabi
1666 2671 1760 2747 ponit
1785 2667 1825 2727 ad
1849 2668 1931 2746 indt-

943 2771 1034 2832 eium.
1875 2773 1931 2827 att

905 2896 946 2911 -
964 2864 1117 2928 Uniu'erais
1132 2869 1329 2928 castrensibus
1346 2867 1383 2928 de
1400 2865 1583 2944 oppenheim
1602 2863 1738 2926 coneedit
1754 2871 1789 2924 ot
1804 2879 1841 2924 ea
1857 2879 1932 2940 quac

943 2979 998 3040 pro
1017 2980 1049 3025 se
1066 2970 1096 3024 et
1109 2964 1284 3025 haeredibus
1300 2965 1362 3025 suia
1376 2967 1407 3023 tn
1420 2963 1522 3024 eodem
1538 2969 1635 3024 uacuo
1647 2963 1882 3041 commutarint,
1894 2961 1932 3021 ad

943 3061 1023 3135 ipsos
1039 3059 1177 3120 haeredes
1191 3059 1268 3120 tenor
1283 3059 1370 3119 tituio
1382 3064 1545 3120 transeant.
1874 3066 1932 3118 tit

841 3195 849 3224 ‚
904 3183 945 3202 -
964 3155 1119 3217 civitatem
1131 3157 1298 3234 Spirmaem
1313 3155 1352 3216 ad
1370 3155 1519 3234 generata
1536 3154 1687 3216 nundinas
1702 3155 1735 3214 in
1753 3153 1829 3214 insto
1842 3169 1932 3215 tanc-

943 3257 1043 3312 torum
1055 3253 1183 3314 Simonis
1195 3258 1227 3313 et
1237 3253 1333 3314 iudae
1348 3269 1443 3331 usque
1457 3253 1497 3314 ad
1510 3251 1681 3330 quindecim
1695 3250 1759 3311 dies
1777 3249 1932 3310 celebran-

943 3349 998 3410 das
1011 3350 1144 3426 deputat,
1160 3367 1320 3429 omncsquc
1332 3355 1509 3412 mercatores
1521 3349 1592 3410 illuc
1605 3349 1759 3408 vemmtca
1769 3347 1826 3408 sub
1838 3348 1932 3424 impe-

942 3447 1101 3508 riidueatu
1115 3448 1394 3509 vuitasaasacuros.
1874 3451 1930 3506 tit

839 3587 848 3604 .
904 3571 945 3590 -·
964 3543 1210 3621 Compositionem
1226 3545 1303 3605 inter
1320 3542 1526 3605 idainhardnm
1547 3542 1684 3604 comitem
1706 3540 1744 3602 da
1766 3539 1882 3602 Gorizta
1902 3545 1932 3600 et

943 3645 1183 3705 communitatem
1203 3644 1356 3705 bominum
1375 3645 1481 3705 Portos
1499 3643 1634 3704 Latisani
1653 3658 1741 3719 sopor
1762 3641 1931 3703 eorumdem

942 3739 1192 3801 libcrtcteinitam
1206 3739 1374 3802 confirmat.
1873 3747 1929 3800 tit

838 3874 848 3892 .
901 3866 944 3882 -
962 3837 1011 3898 Ad
1026 3838 1253 3914 supplicationes
1266 3840 1376 3900 civium
1389 3837 1675 3910 Wornaatmstnm,
1691 3837 1837 3913 promittit
1850 3834 1931 3913 quod

942 3938 1004 3993 tam
1017 3932 1137 3993 ciericos
1149 3949 1239 4010 qnam
1255 3934 1345 3994 inicos
1363 3935 1548 3995 Wormatma
1567 3935 1599 3992 in
1615 3933 1827 4010 compositione
1844 3947 1929 3993 assu-

942 4035 1004 4089 mct
1021 4045 1111 4106 quam
1124 4029 1259 4092 tacturus
1270 4038 1317 4092 cat
1328 4034 1392 4093 siva
1406 4047 1475 4092 oum
1487 4030 1617 4092 liceleaia
1629 4030 1764 4093 Romana
1780 4031 1845 4091 siue
1862 4045 1931 4090 oum

942 4125 1161 4206 urentcptseopo
1172 4127 1359 4206 Maguntino.
1873 4135 1929 4188 tit

835 4259 844 4278 .
905 4254 944 4270 -
962 4223 1010 4285 tid
1029 4225 1198 4286 instantiam
1219 4227 1403 4304 Margaretac
1421 4223 1578 4288 iianmnc
1596 4228 1628 4283 et
1644 4221 1818 4284 Hannoniae
1838 4223 1930 4283 comi·

940 4320 1047 4391 dasne,
1068 4336 1120 4397 pcr
1147 4328 1347 4398 procuratores
1374 4324 1439 4398 clus
1460 4325 1577 4397 recepto
1599 4321 1782 4397 iuramento,
1806 4333 1873 4378 cam
1894 4317 1931 4379 do

942 4414 1039 4476 iendis
1051 4418 1209 4479 comitatus
1222 4419 1431 4480 Nammoansia
1441 4423 1473 4478 ct
1483 4418 1576 4494 partis
1589 4415 1746 4476 Flandriaa
1758 4416 1833 4475 citra
1845 4413 1929 4475 Scai-

940 4511 1005 4574 dtm
1017 4529 1087 4574 cum
1099 4521 1226 4593 quatuor
1238 4518 1418 4590 ministarib,
1435 4521 1513 4577 tarra
1525 4513 1563 4574 dc
1575 4512 1661 4573 ilost
1672 4517 1703 4572 ct
1715 4511 1819 4572 insutis
1831 4512 1929 4572 invet-

943 4612 994 4683 tit,
1013 4615 1067 4672 etc
1871 4615 1927 4669 tit

541 4692 628 4770 lullo.
711 4692 843 4760 ramni.
962 4706 1113 4769 Bonttrcto
1125 4709 1288 4771 marchioni
1302 4708 1514 4772 iionusterrau
1524 4721 1631 4768 omnes
1647 4703 1777 4766 ulmam
1789 4705 1928 4783 remittit,
