<?xml version="1.0" encoding="UTF-8"?>
<!DOCTYPE html PUBLIC "-//W3C//DTD XHTML 1.0 Transitional//EN"
    "http://www.w3.org/TR/xhtml1/DTD/xhtml1-transitional.dtd">
<html xmlns="http://www.w3.org/1999/xhtml" xml:lang="en" lang="en">
 <head>
  <title>
</title>
<meta http-equiv="Content-Type" content="text/html;charset=utf-8" />
  <meta name='ocr-system' content='tesseract 3.04.00' />
  <meta name='ocr-capabilities' content='ocr_page ocr_carea ocr_par ocr_line ocrx_word'/>
</head>
<body>
  <div class='ocr_page' id='page_1' title='image "./historiadiploma00fredgoog/historiadiploma00fredgoog_0254.png"; bbox 0 0 4310 5908; ppageno 0'>
   <div class='ocr_carea' id='block_1_1' title="bbox 221 664 1631 744">
    <p class='ocr_par' dir='ltr' id='par_1_1' title="bbox 221 664 1631 744">
     <span class='ocr_line' id='line_1_1' title="bbox 221 664 1631 744; baseline 0 -18"><span class='ocrx_word' id='word_1_1' title='bbox 221 667 321 726; x_wconf 83' lang='grc'>116161.</span> <span class='ocrx_word' id='word_1_2' title='bbox 337 665 384 744; x_wconf 87' lang='grc'>8.]</span> <span class='ocrx_word' id='word_1_3' title='bbox 669 665 866 730; x_wconf 72' lang='lat' dir='ltr'>HISTORIA</span> <span class='ocrx_word' id='word_1_4' title='bbox 891 664 1186 729; x_wconf 75' lang='lat' dir='ltr'>ntvtomnnlctt.</span> <span class='ocrx_word' id='word_1_5' title='bbox 1573 664 1631 726; x_wconf 79' lang='lat' dir='ltr'>tet</span> 
     </span>
    </p>
   </div>
   <div class='ocr_carea' id='block_1_2' title="bbox 220 800 1712 2630">
    <p class='ocr_par' dir='ltr' id='par_1_2' title="bbox 220 800 1712 2630">
     <span class='ocr_line' id='line_1_2' title="bbox 221 800 1633 895; baseline 0 -23"><span class='ocrx_word' id='word_1_6' title='bbox 221 801 377 895; x_wconf 88' lang='lat' dir='ltr'>peditum</span> <span class='ocrx_word' id='word_1_7' title='bbox 395 800 537 873; x_wconf 78' lang='lat' dir='ltr'>ordines</span> <span class='ocrx_word' id='word_1_8' title='bbox 558 821 696 874; x_wconf 85' lang='lat' dir='ltr'>necnon</span> <span class='ocrx_word' id='word_1_9' title='bbox 726 813 762 876; x_wconf 93' lang='lat' dir='ltr'>et</span> <span class='ocrx_word' id='word_1_10' title='bbox 789 802 1025 875; x_wconf 90' lang='lat' dir='ltr'>aroberiorum</span> <span class='ocrx_word' id='word_1_11' title='bbox 1056 824 1104 874; x_wconf 83' lang='lat' dir='ltr'>ex</span> <span class='ocrx_word' id='word_1_12' title='bbox 1132 800 1293 894; x_wconf 78' lang='lat' dir='ltr'>gentibus</span> <span class='ocrx_word' id='word_1_13' title='bbox 1315 800 1443 872; x_wconf 90' lang='lat' dir='ltr'>diversi</span> <span class='ocrx_word' id='word_1_14' title='bbox 1465 801 1633 874; x_wconf 86' lang='lat' dir='ltr'>sermonis</span> 
     </span>
     <span class='ocr_line' id='line_1_3' title="bbox 226 925 1631 1022; baseline -0.001 -25"><span class='ocrx_word' id='word_1_15' title='bbox 226 935 515 1017; x_wconf 83' lang='lat' dir='ltr'>congregatorum</span> <span class='ocrx_word' id='word_1_16' title='bbox 530 925 736 998; x_wconf 79' lang='lat' dir='ltr'>immensam</span> <span class='ocrx_word' id='word_1_17' title='bbox 756 928 914 1022; x_wconf 89' lang='lat' dir='ltr'>copiam,</span> <span class='ocrx_word' id='word_1_18' title='bbox 936 927 997 1021; x_wconf 93' lang='lat' dir='ltr'>qui</span> <span class='ocrx_word' id='word_1_19' title='bbox 1017 927 1116 998; x_wconf 87' lang='lat' dir='ltr'>istam</span> <span class='ocrx_word' id='word_1_20' title='bbox 1137 935 1264 997; x_wconf 88' lang='lat' dir='ltr'>terram</span> <span class='ocrx_word' id='word_1_21' title='bbox 1283 925 1383 1020; x_wconf 87' lang='lat' dir='ltr'>quasi</span> <span class='ocrx_word' id='word_1_22' title='bbox 1401 934 1509 997; x_wconf 91' lang='lat' dir='ltr'>totam</span> <span class='ocrx_word' id='word_1_23' title='bbox 1527 945 1631 996; x_wconf 88' lang='lat' dir='ltr'>occu·</span> 
     </span>
     <span class='ocr_line' id='line_1_4' title="bbox 222 1027 1632 1145; baseline 0 -25"><span class='ocrx_word' id='word_1_24' title='bbox 222 1058 339 1142; x_wconf 88' lang='lat' dir='ltr'>patam</span> <span class='ocrx_word' id='word_1_25' title='bbox 356 1050 545 1140; x_wconf 87' lang='lat' dir='ltr'>tenebant,</span> <span class='ocrx_word' id='word_1_26' title='bbox 563 1060 598 1120; x_wconf 92' lang='lat' dir='ltr'>et</span> <span class='ocrx_word' id='word_1_27' title='bbox 615 1027 767 1121; x_wconf 89' lang='lat' dir='ltr'>castrum</span> <span class='ocrx_word' id='word_1_28' title='bbox 783 1051 1054 1145; x_wconf 79' lang='lat' dir='ltr'>circumquaque</span> <span class='ocrx_word' id='word_1_29' title='bbox 1072 1049 1317 1139; x_wconf 79' lang='lat' dir='ltr'>maretabant,</span> <span class='ocrx_word' id='word_1_30' title='bbox 1331 1048 1463 1120; x_wconf 88' lang='lat' dir='ltr'>viribus</span> <span class='ocrx_word' id='word_1_31' title='bbox 1481 1049 1632 1144; x_wconf 91' lang='lat' dir='ltr'>impares</span> 
     </span>
     <span class='ocr_line' id='line_1_5' title="bbox 222 1172 1631 1268; baseline 0.001 -26"><span class='ocrx_word' id='word_1_32' title='bbox 222 1172 399 1244; x_wconf 82' lang='lat' dir='ltr'>intrinseci</span> <span class='ocrx_word' id='word_1_33' title='bbox 423 1173 631 1266; x_wconf 87' lang='lat' dir='ltr'>necessitate</span> <span class='ocrx_word' id='word_1_34' title='bbox 654 1195 714 1246; x_wconf 90' lang='lat' dir='ltr'>eos</span> <span class='ocrx_word' id='word_1_35' title='bbox 736 1185 882 1268; x_wconf 78' lang='lat' dir='ltr'>cogente</span> <span class='ocrx_word' id='word_1_36' title='bbox 904 1174 997 1247; x_wconf 92' lang='lat' dir='ltr'>idem</span> <span class='ocrx_word' id='word_1_37' title='bbox 1016 1183 1167 1246; x_wconf 84' lang='lat' dir='ltr'>castrum</span> <span class='ocrx_word' id='word_1_38' title='bbox 1183 1172 1285 1245; x_wconf 91' lang='lat' dir='ltr'>nobis</span> <span class='ocrx_word' id='word_1_39' title='bbox 1303 1172 1521 1244; x_wconf 88' lang='lat' dir='ltr'>tradiderunt</span> <span class='ocrx_word' id='word_1_40' title='bbox 1543 1184 1578 1244; x_wconf 91' lang='grc'>61</span> <span class='ocrx_word' id='word_1_41' title='bbox 1593 1193 1631 1244; x_wconf 91' lang='lat' dir='ltr'>se</span> 
     </span>
     <span class='ocr_line' id='line_1_6' title="bbox 221 1296 1712 1392; baseline 0 -24"><span class='ocrx_word' id='word_1_42' title='bbox 221 1296 316 1392; x_wconf 92' lang='lat' dir='ltr'>ipsos</span> <span class='ocrx_word' id='word_1_43' title='bbox 327 1297 429 1390; x_wconf 91' lang='lat' dir='ltr'>quasi</span> <span class='ocrx_word' id='word_1_44' title='bbox 441 1298 597 1392; x_wconf 88' lang='lat' dir='ltr'>captivos</span> <span class='ocrx_word' id='word_1_45' title='bbox 613 1297 740 1371; x_wconf 90' lang='lat' dir='ltr'>nostris</span> <span class='ocrx_word' id='word_1_46' title='bbox 754 1298 997 1371; x_wconf 87' lang='lat' dir='ltr'>reddiderunt.</span> <span class='ocrx_word' id='word_1_47' title='bbox 1013 1299 1175 1372; x_wconf 88' lang='lat' dir='ltr'>Civitates</span> <span class='ocrx_word' id='word_1_48' title='bbox 1190 1318 1350 1392; x_wconf 90' lang='lat' dir='ltr'>quoque,</span> <span class='ocrx_word' id='word_1_49' title='bbox 1369 1305 1500 1387; x_wconf 85' lang='lat' dir='ltr'>eastra,</span> <span class='ocrx_word' id='word_1_50' title='bbox 1518 1307 1630 1368; x_wconf 90' lang='lat' dir='ltr'>terrae</span> <span class='ocrx_word' id='word_1_51' title='bbox 1709 1352 1712 1358; x_wconf 90' lang='lat'>.</span> 
     </span>
     <span class='ocr_line' id='line_1_7' title="bbox 223 1420 1630 1517; baseline -0.002 -24"><span class='ocrx_word' id='word_1_52' title='bbox 223 1431 460 1515; x_wconf 86' lang='lat' dir='ltr'>etarcesquae</span> <span class='ocrx_word' id='word_1_53' title='bbox 476 1420 522 1493; x_wconf 93' lang='lat' dir='ltr'>ad</span> <span class='ocrx_word' id='word_1_54' title='bbox 534 1422 676 1517; x_wconf 89' lang='lat' dir='ltr'>papales</span> <span class='ocrx_word' id='word_1_55' title='bbox 689 1423 860 1496; x_wconf 88' lang='lat' dir='ltr'>versutias</span> <span class='ocrx_word' id='word_1_56' title='bbox 873 1445 895 1495; x_wconf 89' lang='lat' dir='ltr'>a</span> <span class='ocrx_word' id='word_1_57' title='bbox 910 1424 1089 1516; x_wconf 88' lang='lat' dir='ltr'>majestate</span> <span class='ocrx_word' id='word_1_58' title='bbox 1107 1431 1226 1494; x_wconf 91' lang='lat' dir='ltr'>nostra</span> <span class='ocrx_word' id='word_1_59' title='bbox 1240 1421 1512 1511; x_wconf 88' lang='lat' dir='ltr'>declinaverant,</span> <span class='ocrx_word' id='word_1_60' title='bbox 1530 1441 1630 1492; x_wconf 91' lang='lat' dir='ltr'>men·</span> 
     </span>
     <span class='ocr_line' id='line_1_8' title="bbox 222 1544 1630 1640; baseline -0.001 -23"><span class='ocrx_word' id='word_1_61' title='bbox 222 1544 312 1617; x_wconf 88' lang='lat' dir='ltr'>dacii</span> <span class='ocrx_word' id='word_1_62' title='bbox 328 1544 422 1616; x_wconf 89' lang='lat' dir='ltr'>viam</span> <span class='ocrx_word' id='word_1_63' title='bbox 439 1544 676 1639; x_wconf 81' lang='lat' dir='ltr'>relinquentes</span> <span class='ocrx_word' id='word_1_64' title='bbox 691 1546 728 1618; x_wconf 91' lang='lat' dir='ltr'>in</span> <span class='ocrx_word' id='word_1_65' title='bbox 743 1557 876 1619; x_wconf 88' lang='lat' dir='ltr'>rectam</span> <span class='ocrx_word' id='word_1_66' title='bbox 889 1547 982 1618; x_wconf 89' lang='lat' dir='ltr'>viam</span> <span class='ocrx_word' id='word_1_67' title='bbox 995 1555 1078 1618; x_wconf 92' lang='lat' dir='ltr'>sunt</span> <span class='ocrx_word' id='word_1_68' title='bbox 1089 1565 1291 1618; x_wconf 88' lang='lat' dir='ltr'>conversae.</span> <span class='ocrx_word' id='word_1_69' title='bbox 1315 1545 1412 1616; x_wconf 87' lang='lat' dir='ltr'>ltalia</span> <span class='ocrx_word' id='word_1_70' title='bbox 1425 1565 1510 1616; x_wconf 89' lang='lat' dir='ltr'>vero</span> <span class='ocrx_word' id='word_1_71' title='bbox 1526 1567 1630 1640; x_wconf 91' lang='lat' dir='ltr'>snpe-</span> 
     </span>
     <span class='ocr_line' id='line_1_9' title="bbox 222 1667 1631 1742; baseline 0.001 -4"><span class='ocrx_word' id='word_1_72' title='bbox 222 1667 291 1739; x_wconf 92' lang='lat' dir='ltr'>rior</span> <span class='ocrx_word' id='word_1_73' title='bbox 306 1667 343 1738; x_wconf 92' lang='lat' dir='ltr'>in</span> <span class='ocrx_word' id='word_1_74' title='bbox 361 1668 548 1740; x_wconf 77' lang='lat' dir='ltr'>stabilitate</span> <span class='ocrx_word' id='word_1_75' title='bbox 572 1667 655 1741; x_wconf 88' lang='lat' dir='ltr'>fidei</span> <span class='ocrx_word' id='word_1_76' title='bbox 678 1679 817 1742; x_wconf 89' lang='lat' dir='ltr'>nostrae</span> <span class='ocrx_word' id='word_1_77' title='bbox 834 1671 1058 1742; x_wconf 87' lang='lat' dir='ltr'>corroborata</span> <span class='ocrx_word' id='word_1_78' title='bbox 1074 1679 1145 1742; x_wconf 90' lang='grc'>1616</span> <span class='ocrx_word' id='word_1_79' title='bbox 1167 1670 1316 1741; x_wconf 90' lang='lat' dir='ltr'>libenter</span> <span class='ocrx_word' id='word_1_80' title='bbox 1335 1669 1461 1740; x_wconf 91' lang='lat' dir='ltr'>nostris</span> <span class='ocrx_word' id='word_1_81' title='bbox 1483 1668 1631 1741; x_wconf 88' lang='lat' dir='ltr'>oraculis</span> 
     </span>
     <span class='ocr_line' id='line_1_10' title="bbox 222 1791 1628 1877; baseline 0.001 -13"><span class='ocrx_word' id='word_1_82' title='bbox 222 1813 258 1864; x_wconf 87' lang='lat' dir='ltr'>se</span> <span class='ocrx_word' id='word_1_83' title='bbox 278 1791 433 1864; x_wconf 90' lang='lat' dir='ltr'>inclinat.</span> <span class='ocrx_word' id='word_1_84' title='bbox 455 1791 520 1877; x_wconf 88' lang='lat' dir='ltr'>Qui</span> <span class='ocrx_word' id='word_1_85' title='bbox 541 1803 657 1865; x_wconf 86' lang='grc'>161666</span> <span class='ocrx_word' id='word_1_86' title='bbox 680 1793 783 1865; x_wconf 88' lang='lat' dir='ltr'>simili</span> <span class='ocrx_word' id='word_1_87' title='bbox 797 1814 914 1866; x_wconf 88' lang='lat' dir='ltr'>errore</span> <span class='ocrx_word' id='word_1_88' title='bbox 931 1795 968 1865; x_wconf 96' lang='lat' dir='ltr'>in</span> <span class='ocrx_word' id='word_1_89' title='bbox 983 1792 1189 1866; x_wconf 79' lang='lat' dir='ltr'>Alemannis</span> <span class='ocrx_word' id='word_1_90' title='bbox 1211 1793 1258 1865; x_wconf 91' lang='lat' dir='ltr'>ad</span> <span class='ocrx_word' id='word_1_91' title='bbox 1276 1793 1447 1866; x_wconf 86' lang='lat' dir='ltr'>novitates</span> <span class='ocrx_word' id='word_1_92' title='bbox 1463 1813 1628 1866; x_wconf 86' lang='lat' dir='ltr'>surrexe·</span> 
     </span>
     <span class='ocr_line' id='line_1_11' title="bbox 222 1916 1630 2012; baseline 0.002 -26"><span class='ocrx_word' id='word_1_93' title='bbox 222 1926 304 1986; x_wconf 86' lang='lat' dir='ltr'>runt</span> <span class='ocrx_word' id='word_1_94' title='bbox 328 1925 364 1988; x_wconf 90' lang='grc'>61</span> <span class='ocrx_word' id='word_1_95' title='bbox 376 1916 413 1986; x_wconf 87' lang='grc'>16</span> <span class='ocrx_word' id='word_1_96' title='bbox 436 1916 624 2011; x_wconf 87' lang='lat' dir='ltr'>reprobum</span> <span class='ocrx_word' id='word_1_97' title='bbox 645 1938 786 1989; x_wconf 88' lang='lat' dir='ltr'>sensum</span> <span class='ocrx_word' id='word_1_98' title='bbox 800 1927 998 2009; x_wconf 87' lang='lat' dir='ltr'>vertuntur,</span> <span class='ocrx_word' id='word_1_99' title='bbox 1017 1916 1155 1989; x_wconf 90' lang='lat' dir='ltr'>deloco</span> <span class='ocrx_word' id='word_1_100' title='bbox 1173 1917 1342 1988; x_wconf 90' lang='lat' dir='ltr'>inlocum</span> <span class='ocrx_word' id='word_1_101' title='bbox 1362 1916 1630 2012; x_wconf 88' lang='lat' dir='ltr'>perpotentiam</span> 
     </span>
     <span class='ocr_line' id='line_1_12' title="bbox 220 2039 1629 2136; baseline 0.001 -25"><span class='ocrx_word' id='word_1_102' title='bbox 220 2039 433 2112; x_wconf 87' lang='lat' dir='ltr'>dilectissimi</span> <span class='ocrx_word' id='word_1_103' title='bbox 457 2039 519 2111; x_wconf 89' lang='lat' dir='ltr'>lilii</span> <span class='ocrx_word' id='word_1_104' title='bbox 537 2040 647 2114; x_wconf 87' lang='lat' dir='ltr'>nostri</span> <span class='ocrx_word' id='word_1_105' title='bbox 674 2041 764 2132; x_wconf 82' lang='lat' dir='ltr'>regis</span> <span class='ocrx_word' id='word_1_106' title='bbox 787 2040 935 2114; x_wconf 84' lang='lat' dir='ltr'>Gouradi</span> <span class='ocrx_word' id='word_1_107' title='bbox 958 2041 1103 2113; x_wconf 88' lang='lat' dir='ltr'>viriliter</span> <span class='ocrx_word' id='word_1_108' title='bbox 1118 2039 1310 2136; x_wconf 79' lang='lat' dir='ltr'>pmlugati,</span> <span class='ocrx_word' id='word_1_109' title='bbox 1334 2040 1492 2113; x_wconf 90' lang='lat' dir='ltr'>invenire</span> <span class='ocrx_word' id='word_1_110' title='bbox 1514 2042 1629 2113; x_wconf 87' lang='lat' dir='ltr'>locum</span> 
     </span>
     <span class='ocr_line' id='line_1_13' title="bbox 221 2163 1630 2262; baseline 0.003 -28"><span class='ocrx_word' id='word_1_111' title='bbox 221 2163 283 2235; x_wconf 93' lang='lat' dir='ltr'>ubi</span> <span class='ocrx_word' id='word_1_112' title='bbox 299 2163 437 2236; x_wconf 86' lang='lat' dir='ltr'>latitent</span> <span class='ocrx_word' id='word_1_113' title='bbox 451 2187 523 2237; x_wconf 91' lang='lat' dir='ltr'>non</span> <span class='ocrx_word' id='word_1_114' title='bbox 540 2165 615 2256; x_wconf 86' lang='lat' dir='ltr'>jam</span> <span class='ocrx_word' id='word_1_115' title='bbox 631 2175 788 2262; x_wconf 88' lang='lat' dir='ltr'>possunt.</span> <span class='ocrx_word' id='word_1_116' title='bbox 809 2165 866 2237; x_wconf 88' lang='lat' dir='ltr'>Sic</span> <span class='ocrx_word' id='word_1_117' title='bbox 881 2186 979 2259; x_wconf 79' lang='lat' dir='ltr'>argo,</span> <span class='ocrx_word' id='word_1_118' title='bbox 995 2167 1134 2237; x_wconf 86' lang='lat' dir='ltr'>lavante</span> <span class='ocrx_word' id='word_1_119' title='bbox 1149 2164 1309 2256; x_wconf 85' lang='lat' dir='ltr'>Domino,</span> <span class='ocrx_word' id='word_1_120' title='bbox 1328 2165 1491 2257; x_wconf 88' lang='lat' dir='ltr'>majestas</span> <span class='ocrx_word' id='word_1_121' title='bbox 1511 2175 1630 2238; x_wconf 87' lang='lat' dir='ltr'>nostra</span> 
     </span>
     <span class='ocr_line' id='line_1_14' title="bbox 222 2287 1630 2396; baseline 0.001 -36"><span class='ocrx_word' id='word_1_122' title='bbox 222 2287 362 2361; x_wconf 86' lang='lat' dir='ltr'>divinae</span> <span class='ocrx_word' id='word_1_123' title='bbox 384 2288 625 2396; x_wconf 84' lang='lat' dir='ltr'>providentiae</span> <span class='ocrx_word' id='word_1_124' title='bbox 642 2289 775 2361; x_wconf 84' lang='lat' dir='ltr'>auxilio</span> <span class='ocrx_word' id='word_1_125' title='bbox 795 2287 945 2380; x_wconf 83' lang='lat' dir='ltr'>firmata,</span> <span class='ocrx_word' id='word_1_126' title='bbox 971 2299 1081 2362; x_wconf 89' lang='lat' dir='ltr'>totum</span> <span class='ocrx_word' id='word_1_127' title='bbox 1102 2289 1167 2362; x_wconf 87' lang='lat' dir='ltr'>sibi</span> <span class='ocrx_word' id='word_1_128' title='bbox 1185 2289 1381 2382; x_wconf 88' lang='lat' dir='ltr'>subjectum</span> <span class='ocrx_word' id='word_1_129' title='bbox 1396 2288 1579 2385; x_wconf 91' lang='lat' dir='ltr'>imperium</span> <span class='ocrx_word' id='word_1_130' title='bbox 1593 2290 1630 2362; x_wconf 95' lang='lat' dir='ltr'>in</span> 
     </span>
     <span class='ocr_line' id='line_1_15' title="bbox 222 2411 1630 2509; baseline 0.001 -25"><span class='ocrx_word' id='word_1_131' title='bbox 222 2434 309 2508; x_wconf 87' lang='lat' dir='ltr'>paco</span> <span class='ocrx_word' id='word_1_132' title='bbox 328 2413 472 2506; x_wconf 79' lang='lat' dir='ltr'>regitat</span> <span class='ocrx_word' id='word_1_133' title='bbox 494 2413 683 2506; x_wconf 75' lang='lat' dir='ltr'>gubemat3</span> <span class='ocrx_word' id='word_1_134' title='bbox 699 2411 795 2508; x_wconf 91' lang='lat' dir='ltr'>quod</span> <span class='ocrx_word' id='word_1_135' title='bbox 809 2412 968 2485; x_wconf 88' lang='lat' dir='ltr'>affinitati</span> <span class='ocrx_word' id='word_1_136' title='bbox 984 2421 1063 2485; x_wconf 87' lang='lat' dir='ltr'>tuae</span> <span class='ocrx_word' id='word_1_137' title='bbox 1082 2422 1118 2485; x_wconf 89' lang='lat' dir='ltr'>et</span> <span class='ocrx_word' id='word_1_138' title='bbox 1139 2413 1274 2486; x_wconf 90' lang='lat' dir='ltr'>sincero</span> <span class='ocrx_word' id='word_1_139' title='bbox 1287 2411 1426 2486; x_wconf 84' lang='lat' dir='ltr'>affectui</span> <span class='ocrx_word' id='word_1_140' title='bbox 1443 2433 1507 2509; x_wconf 87' lang='lat' dir='ltr'>por</span> <span class='ocrx_word' id='word_1_141' title='bbox 1525 2434 1630 2509; x_wconf 87' lang='lat' dir='ltr'>praa-</span> 
     </span>
     <span class='ocr_line' id='line_1_16' title="bbox 222 2534 841 2630; baseline 0.003 -24"><span class='ocrx_word' id='word_1_142' title='bbox 222 2544 338 2608; x_wconf 89' lang='lat' dir='ltr'>sentes</span> <span class='ocrx_word' id='word_1_143' title='bbox 355 2534 590 2629; x_wconf 81' lang='lat' dir='ltr'>significamus</span> <span class='ocrx_word' id='word_1_144' title='bbox 604 2535 651 2608; x_wconf 89' lang='lat' dir='ltr'>ad</span> <span class='ocrx_word' id='word_1_145' title='bbox 663 2536 841 2630; x_wconf 80' lang='lat' dir='ltr'>gaudium.</span> 
     </span>
    </p>
   </div>
   <div class='ocr_carea' id='block_1_3' title="bbox 224 3111 1632 3491">
    <p class='ocr_par' dir='ltr' id='par_1_3' title="bbox 224 3111 1632 3491">
     <span class='ocr_line' id='line_1_17' title="bbox 278 3111 1629 3227; baseline 0.007 -33"><span class='ocrx_word' id='word_1_146' title='bbox 278 3111 510 3222; x_wconf 85' lang='lat' dir='ltr'>Fridericus‚</span> <span class='ocrx_word' id='word_1_147' title='bbox 537 3112 800 3198; x_wconf 87' lang='lat' dir='ltr'>Romanorum</span> <span class='ocrx_word' id='word_1_148' title='bbox 838 3116 1057 3226; x_wconf 88' lang='lat' dir='ltr'>imperator,</span> <span class='ocrx_word' id='word_1_149' title='bbox 1087 3116 1241 3200; x_wconf 88' lang='lat' dir='ltr'>Vatacio</span> <span class='ocrx_word' id='word_1_150' title='bbox 1264 3118 1482 3227; x_wconf 89' lang='lat' dir='ltr'>imperatori</span> <span class='ocrx_word' id='word_1_151' title='bbox 1505 3119 1629 3204; x_wconf 88' lang='lat' dir='ltr'>Grae-</span> 
     </span>
     <span class='ocr_line' id='line_1_18' title="bbox 224 3245 1631 3360; baseline 0.004 -31"><span class='ocrx_word' id='word_1_152' title='bbox 224 3271 358 3330; x_wconf 85' lang='lat' dir='ltr'>corum</span> <span class='ocrx_word' id='word_1_153' title='bbox 375 3259 508 3330; x_wconf 93' lang='lat' dir='ltr'>notum</span> <span class='ocrx_word' id='word_1_154' title='bbox 527 3245 617 3330; x_wconf 85' lang='lat' dir='ltr'>facit</span> <span class='ocrx_word' id='word_1_155' title='bbox 635 3250 829 3358; x_wconf 91' lang='lat' dir='ltr'>quomodo</span> <span class='ocrx_word' id='word_1_156' title='bbox 846 3249 977 3333; x_wconf 87' lang='lat' dir='ltr'>omnia</span> <span class='ocrx_word' id='word_1_157' title='bbox 996 3250 1068 3334; x_wconf 91' lang='lat' dir='ltr'>sibi</span> <span class='ocrx_word' id='word_1_158' title='bbox 1093 3277 1271 3360; x_wconf 87' lang='lat' dir='ltr'>prospere</span> <span class='ocrx_word' id='word_1_159' title='bbox 1292 3252 1515 3360; x_wconf 83' lang='lat' dir='ltr'>succedant,</span> <span class='ocrx_word' id='word_1_160' title='bbox 1536 3254 1631 3336; x_wconf 93' lang='lat' dir='ltr'>dum</span> 
     </span>
     <span class='ocr_line' id='line_1_19' title="bbox 226 3378 1632 3491; baseline 0.005 -31"><span class='ocrx_word' id='word_1_161' title='bbox 226 3378 355 3462; x_wconf 89' lang='lat' dir='ltr'>fideles</span> <span class='ocrx_word' id='word_1_162' title='bbox 375 3380 433 3462; x_wconf 88' lang='lat' dir='ltr'>sui</span> <span class='ocrx_word' id='word_1_163' title='bbox 451 3381 627 3464; x_wconf 81' lang='lat' dir='ltr'>victuriae</span> <span class='ocrx_word' id='word_1_164' title='bbox 645 3383 693 3464; x_wconf 91' lang='lat' dir='ltr'>de</span> <span class='ocrx_word' id='word_1_165' title='bbox 717 3381 922 3465; x_wconf 90' lang='lat' dir='ltr'>rebellibus</span> <span class='ocrx_word' id='word_1_166' title='bbox 948 3383 1028 3465; x_wconf 90' lang='lat' dir='ltr'>suis</span> <span class='ocrx_word' id='word_1_167' title='bbox 1055 3383 1327 3491; x_wconf 85' lang='lat' dir='ltr'>reportaverint</span> <span class='ocrx_word' id='word_1_168' title='bbox 1343 3384 1383 3466; x_wconf 94' lang='lat' dir='ltr'>in</span> <span class='ocrx_word' id='word_1_169' title='bbox 1403 3383 1632 3467; x_wconf 87' lang='lat' dir='ltr'>Lombardia</span> 
     </span>
    </p>
   </div>
   <div class='ocr_carea' id='block_1_4' title="bbox 226 3512 1632 3753">
    <p class='ocr_par' dir='ltr' id='par_1_4' title="bbox 226 3512 1632 3753">
     <span class='ocr_line' id='line_1_20' title="bbox 226 3512 1632 3626; baseline 0.006 -33"><span class='ocrx_word' id='word_1_170' title='bbox 226 3512 328 3621; x_wconf 88' lang='lat' dir='ltr'>apud</span> <span class='ocrx_word' id='word_1_171' title='bbox 345 3512 543 3621; x_wconf 84' lang='lat' dir='ltr'>Parmam,</span> <span class='ocrx_word' id='word_1_172' title='bbox 569 3515 610 3595; x_wconf 94' lang='lat' dir='ltr'>in</span> <span class='ocrx_word' id='word_1_173' title='bbox 640 3515 808 3600; x_wconf 88' lang='lat' dir='ltr'>Marohia</span> <span class='ocrx_word' id='word_1_174' title='bbox 839 3516 941 3623; x_wconf 92' lang='lat' dir='ltr'>apud</span> <span class='ocrx_word' id='word_1_175' title='bbox 974 3515 1180 3626; x_wconf 81' lang='lat' dir='ltr'>Cingulum</span> <span class='ocrx_word' id='word_1_176' title='bbox 1207 3526 1245 3599; x_wconf 87' lang='grc'>61</span> <span class='ocrx_word' id='word_1_177' title='bbox 1268 3527 1400 3600; x_wconf 87' lang='lat' dir='ltr'>contra</span> <span class='ocrx_word' id='word_1_178' title='bbox 1426 3518 1632 3602; x_wconf 88' lang='lat' dir='ltr'>Januenses</span> 
     </span>
     <span class='ocr_line' id='line_1_21' title="bbox 227 3645 524 3753; baseline 0.003 -27"><span class='ocrx_word' id='word_1_179' title='bbox 227 3645 327 3753; x_wconf 87' lang='lat' dir='ltr'>apud</span> <span class='ocrx_word' id='word_1_180' title='bbox 344 3647 524 3729; x_wconf 90' lang='lat' dir='ltr'>Saonam.</span> 
     </span>
    </p>
   </div>
   <div class='ocr_carea' id='block_1_5' title="bbox 309 3857 1630 4052">
    <p class='ocr_par' dir='ltr' id='par_1_5' title="bbox 309 3857 1630 4052">
     <span class='ocr_line' id='line_1_22' title="bbox 309 3857 1630 3948; baseline 0.004 -26"><span class='ocrx_word' id='word_1_181' title='bbox 309 3857 493 3936; x_wconf 84' lang='lat' dir='ltr'>(Varslonem</span> <span class='ocrx_word' id='word_1_182' title='bbox 506 3878 545 3922; x_wconf 87' lang='lat' dir='ltr'>ex</span> <span class='ocrx_word' id='word_1_183' title='bbox 556 3877 661 3940; x_wconf 81' lang='lat' dir='ltr'>graeco</span> <span class='ocrx_word' id='word_1_184' title='bbox 673 3862 774 3922; x_wconf 85' lang='lat' dir='ltr'>eodlee</span> <span class='ocrx_word' id='word_1_185' title='bbox 787 3861 858 3922; x_wconf 89' lang='lat' dir='ltr'>btbl.</span> <span class='ocrx_word' id='word_1_186' title='bbox 874 3862 1011 3922; x_wconf 83' lang='lat' dir='ltr'>laurent.</span> <span class='ocrx_word' id='word_1_187' title='bbox 1027 3861 1159 3923; x_wconf 82' lang='lat' dir='ltr'>Floreat.</span> <span class='ocrx_word' id='word_1_188' title='bbox 1174 3862 1255 3922; x_wconf 87' lang='lat' dir='ltr'>edld.</span> <span class='ocrx_word' id='word_1_189' title='bbox 1267 3862 1438 3938; x_wconf 84' lang='lat' dir='ltr'>G.Wonnr,</span> <span class='ocrx_word' id='word_1_190' title='bbox 1450 3866 1517 3927; x_wconf 76' lang='grc'>11111</span> <span class='ocrx_word' id='word_1_191' title='bbox 1524 3867 1630 3948; x_wconf 62' lang='lat' dir='ltr'>procl.</span> 
     </span>
     <span class='ocr_line' id='line_1_23' title="bbox 343 3965 1629 4052; baseline 0.006 -26"><span class='ocrx_word' id='word_1_192' title='bbox 343 3965 441 4046; x_wconf 77' lang='lat' dir='ltr'>Brlcsc</span> <span class='ocrx_word' id='word_1_193' title='bbox 454 3965 540 4028; x_wconf 80' lang='lat' dir='ltr'>Kale.</span> <span class='ocrx_word' id='word_1_194' title='bbox 553 3965 670 4029; x_wconf 78' lang='lat' dir='ltr'>Friedr.</span> <span class='ocrx_word' id='word_1_195' title='bbox 685 3965 811 4041; x_wconf 77' lang='grc'>1161116,</span> <span class='ocrx_word' id='word_1_196' title='bbox 826 3987 858 4045; x_wconf 91' lang='lat' dir='ltr'>p.</span> <span class='ocrx_word' id='word_1_197' title='bbox 869 3975 974 4028; x_wconf 82' lang='grc'>16-18.</span> <span class='ocrx_word' id='word_1_198' title='bbox 986 3967 1629 4052; x_wconf 70' lang='grc'>(11.61611666666616116166,6.15661111.)</span> 
     </span>
    </p>
   </div>
   <div class='ocr_carea' id='block_1_6' title="bbox 229 4149 1633 4489">
    <p class='ocr_par' dir='ltr' id='par_1_6' title="bbox 229 4149 1633 4489">
     <span class='ocr_line' id='line_1_24' title="bbox 274 4149 1630 4251; baseline 0.01 -30"><span class='ocrx_word' id='word_1_199' title='bbox 274 4149 467 4224; x_wconf 86' lang='lat' dir='ltr'>Fridericus</span> <span class='ocrx_word' id='word_1_200' title='bbox 479 4153 542 4225; x_wconf 89' lang='lat' dir='ltr'>Dei</span> <span class='ocrx_word' id='word_1_201' title='bbox 558 4153 671 4247; x_wconf 80' lang='lat' dir='ltr'>gratia</span> <span class='ocrx_word' id='word_1_202' title='bbox 686 4155 920 4228; x_wconf 85' lang='lat' dir='ltr'>Romanorum</span> <span class='ocrx_word' id='word_1_203' title='bbox 937 4155 1124 4251; x_wconf 89' lang='lat' dir='ltr'>imperator</span> <span class='ocrx_word' id='word_1_204' title='bbox 1139 4177 1277 4249; x_wconf 89' lang='lat' dir='ltr'>semper</span> <span class='ocrx_word' id='word_1_205' title='bbox 1289 4168 1473 4251; x_wconf 78' lang='lat' dir='ltr'>augustus,</span> <span class='ocrx_word' id='word_1_206' title='bbox 1493 4160 1630 4236; x_wconf 87' lang='lat' dir='ltr'>Jerusa-</span> 
     </span>
     <span class='ocr_line' id='line_1_25' title="bbox 229 4275 1629 4379; baseline 0.011 -34"><span class='ocrx_word' id='word_1_207' title='bbox 229 4275 297 4346; x_wconf 89' lang='lat' dir='ltr'>lem</span> <span class='ocrx_word' id='word_1_208' title='bbox 314 4287 350 4346; x_wconf 89' lang='lat' dir='ltr'>et</span> <span class='ocrx_word' id='word_1_209' title='bbox 367 4275 481 4348; x_wconf 88' lang='lat' dir='ltr'>Sicilie</span> <span class='ocrx_word' id='word_1_210' title='bbox 499 4300 584 4368; x_wconf 84' lang='grc'>6611,</span> <span class='ocrx_word' id='word_1_211' title='bbox 600 4277 748 4350; x_wconf 80' lang='lat' dir='ltr'>Iohanni</span> <span class='ocrx_word' id='word_1_212' title='bbox 770 4280 885 4350; x_wconf 90' lang='lat' dir='ltr'>Ducae</span> <span class='ocrx_word' id='word_1_213' title='bbox 909 4279 1154 4370; x_wconf 75' lang='lat' dir='ltr'>gloriosissimo</span> <span class='ocrx_word' id='word_1_214' title='bbox 1179 4279 1386 4353; x_wconf 89' lang='lat' dir='ltr'>Graecorum</span> <span class='ocrx_word' id='word_1_215' title='bbox 1410 4283 1629 4379; x_wconf 87' lang='lat' dir='ltr'>imperatori,</span> 
     </span>
     <span class='ocr_line' id='line_1_26' title="bbox 229 4393 1633 4489; baseline 0.011 -24"><span class='ocrx_word' id='word_1_216' title='bbox 229 4393 354 4466; x_wconf 90' lang='lat' dir='ltr'>dilecto</span> <span class='ocrx_word' id='word_1_217' title='bbox 373 4416 505 4487; x_wconf 78' lang='lat' dir='ltr'>genero</span> <span class='ocrx_word' id='word_1_218' title='bbox 527 4417 611 4489; x_wconf 89' lang='lat' dir='ltr'>suo,</span> <span class='ocrx_word' id='word_1_219' title='bbox 637 4398 785 4478; x_wconf 85' lang='lat' dir='ltr'>salutem</span> <span class='ocrx_word' id='word_1_220' title='bbox 801 4397 838 4469; x_wconf 94' lang='lat' dir='ltr'>in</span> <span class='ocrx_word' id='word_1_221' title='bbox 856 4397 1003 4470; x_wconf 88' lang='lat' dir='ltr'>Christo.</span> <span class='ocrx_word' id='word_1_222' title='bbox 1026 4398 1110 4469; x_wconf 88' lang='lat' dir='ltr'>Cum</span> <span class='ocrx_word' id='word_1_223' title='bbox 1130 4398 1265 4471; x_wconf 89' lang='lat' dir='ltr'>sincero</span> <span class='ocrx_word' id='word_1_224' title='bbox 1286 4401 1411 4473; x_wconf 84' lang='lat' dir='ltr'>affectu</span> <span class='ocrx_word' id='word_1_225' title='bbox 1429 4412 1464 4475; x_wconf 91' lang='grc'>61</span> <span class='ocrx_word' id='word_1_226' title='bbox 1479 4405 1633 4480; x_wconf 89' lang='lat' dir='ltr'>evidenti</span> 
     </span>
    </p>
   </div>
   <div class='ocr_carea' id='block_1_7' title="bbox 230 4518 1637 4865">
    <p class='ocr_par' dir='ltr' id='par_1_7' title="bbox 230 4518 1637 4865">
     <span class='ocr_line' id='line_1_27' title="bbox 231 4518 1634 4622; baseline 0.014 -36"><span class='ocrx_word' id='word_1_227' title='bbox 231 4519 321 4610; x_wconf 85' lang='grc'>1616,</span> <span class='ocrx_word' id='word_1_228' title='bbox 340 4518 430 4590; x_wconf 92' lang='lat' dir='ltr'>sicut</span> <span class='ocrx_word' id='word_1_229' title='bbox 443 4521 635 4593; x_wconf 88' lang='lat' dir='ltr'>successive</span> <span class='ocrx_word' id='word_1_230' title='bbox 650 4541 671 4592; x_wconf 91' lang='grc'>6</span> <span class='ocrx_word' id='word_1_231' title='bbox 685 4521 831 4593; x_wconf 84' lang='lat' dir='ltr'>dextera</span> <span class='ocrx_word' id='word_1_232' title='bbox 846 4522 982 4593; x_wconf 91' lang='lat' dir='ltr'>Domini</span> <span class='ocrx_word' id='word_1_233' title='bbox 996 4521 1164 4594; x_wconf 85' lang='lat' dir='ltr'>beneficia</span> <span class='ocrx_word' id='word_1_234' title='bbox 1176 4524 1380 4619; x_wconf 91' lang='lat' dir='ltr'>suscipimus</span> <span class='ocrx_word' id='word_1_235' title='bbox 1396 4537 1431 4598; x_wconf 91' lang='lat' dir='ltr'>et</span> <span class='ocrx_word' id='word_1_236' title='bbox 1446 4531 1634 4622; x_wconf 87' lang='lat' dir='ltr'>majestatis</span> 
     </span>
     <span class='ocr_line' id='line_1_28' title="bbox 230 4645 1633 4741; baseline 0.012 -29"><span class='ocrx_word' id='word_1_237' title='bbox 230 4651 366 4714; x_wconf 83' lang='lat' dir='ltr'>nostrae</span> <span class='ocrx_word' id='word_1_238' title='bbox 379 4645 535 4736; x_wconf 90' lang='lat' dir='ltr'>potentia</span> <span class='ocrx_word' id='word_1_239' title='bbox 547 4666 610 4740; x_wconf 88' lang='lat' dir='ltr'>per</span> <span class='ocrx_word' id='word_1_240' title='bbox 620 4645 895 4740; x_wconf 89' lang='lat' dir='ltr'>omnipotentem</span> <span class='ocrx_word' id='word_1_241' title='bbox 909 4646 1180 4719; x_wconf 88' lang='lat' dir='ltr'>dominationem</span> <span class='ocrx_word' id='word_1_242' title='bbox 1200 4649 1275 4738; x_wconf 90' lang='lat' dir='ltr'>ejus</span> <span class='ocrx_word' id='word_1_243' title='bbox 1290 4650 1447 4741; x_wconf 90' lang='lat' dir='ltr'>quotidie</span> <span class='ocrx_word' id='word_1_244' title='bbox 1460 4655 1633 4728; x_wconf 87' lang='lat' dir='ltr'>lavorabi-</span> 
     </span>
     <span class='ocr_line' id='line_1_29' title="bbox 231 4763 1637 4865; baseline 0.015 -32"><span class='ocrx_word' id='word_1_245' title='bbox 231 4763 307 4837; x_wconf 89' lang='lat' dir='ltr'>liter</span> <span class='ocrx_word' id='word_1_246' title='bbox 328 4767 516 4860; x_wconf 82' lang='lat' dir='ltr'>exaltatur,</span> <span class='ocrx_word' id='word_1_247' title='bbox 539 4767 587 4841; x_wconf 88' lang='lat' dir='ltr'>ita</span> <span class='ocrx_word' id='word_1_248' title='bbox 608 4789 695 4864; x_wconf 89' lang='lat' dir='ltr'>puro</span> <span class='ocrx_word' id='word_1_249' title='bbox 713 4768 851 4841; x_wconf 85' lang='grc'>61166161</span> <span class='ocrx_word' id='word_1_250' title='bbox 869 4769 1058 4862; x_wconf 87' lang='lat' dir='ltr'>majestatis</span> <span class='ocrx_word' id='word_1_251' title='bbox 1076 4779 1156 4842; x_wconf 89' lang='lat' dir='ltr'>tuae</span> <span class='ocrx_word' id='word_1_252' title='bbox 1170 4791 1233 4865; x_wconf 89' lang='lat' dir='ltr'>per</span> <span class='ocrx_word' id='word_1_253' title='bbox 1247 4772 1430 4846; x_wconf 84' lang='lat' dir='ltr'>continuas</span> <span class='ocrx_word' id='word_1_254' title='bbox 1450 4777 1581 4852; x_wconf 86' lang='lat' dir='ltr'>litteras</span> <span class='ocrx_word' id='word_1_255' title='bbox 1601 4791 1637 4853; x_wconf 88' lang='grc'>61</span> 
     </span>
    </p>
   </div>
   <div class='ocr_carea' id='block_1_8' title="bbox 0 0 2169 5908">
    <p class='ocr_par' dir='ltr' id='par_1_8' title="bbox 0 0 2169 5908">
     <span class='ocr_line' id='line_1_30' title="bbox 0 0 2169 5908; baseline 0 0"><span class='ocrx_word' id='word_1_256' title='bbox 0 0 2169 5908; x_wconf 95' lang='lat' dir='ltr'> </span> 
     </span>
    </p>
   </div>
  </div>
 </body>
</html>
