4352 5940
237 611 335 670 lumen
351 607 398 686 6.]
678 601 876 664 fflsnonln
900 602 1197 669 nlnnonnrlcn.
1585 610 1646 672 583

237 744 406 840 presentis
428 738 601 838 privilegii
627 747 747 810 tenore
774 735 919 810 tirmiter
941 739 1137 814 inhibemus
1158 754 1198 815 nt
1218 745 1335 818 nullus
1359 744 1453 837 dux,
1472 745 1643 840 marchio,

236 868 410 964 princeps,
429 885 560 954 comes,
574 862 782 952 vicecomes,
797 870 964 957 potestas,
978 875 1105 956 rector,
1120 866 1302 938 consilium
1314 870 1373 940 vel
1386 890 1568 942 commune
1584 891 1647 942 seu

233 992 349 1084 aliqua
372 1010 522 1085 persona
542 989 614 1060 alta
630 987 690 1095 sel
711 985 869 1086 humilis,
888 987 1119 1061 ecclesiastica
1135 993 1192 1063 vel
1214 992 1408 1083 mundana,
1427 1005 1547 1066 contra
1564 1017 1644 1089 pre·

236 1115 345 1188 sentis
361 1113 532 1209 privilegii
549 1110 657 1184 nostri
674 1109 834 1182 culminis
842 1106 892 1206 (o)
904 1131 1031 1205 penam
1046 1113 1298 1210 quinquaginta
1312 1116 1478 1188 librarum
1493 1117 1569 1189 auri
1585 1141 1647 1213 pu·
1667 1207 1673 1218 .

237 1237 361 1309 nissimi
386 1259 424 1310 se
451 1237 672 1308 incursurum
699 1244 882 1326 agnoscat,
904 1230 1152 1336 [medietatem]
1177 1240 1268 1334 parti
1295 1261 1395 1335 passe
1424 1239 1585 1332 injuriam
1611 1253 1647 1314 st

235 1363 339 1434 aliam
356 1361 579 1434 medietatem
595 1368 713 1431 nostre
730 1379 868 1429 camere
881 1359 1071 1432 soluturus.
1086 1361 1142 1433 Ad
1160 1361 1264 1456 hujus
1268 1415 1643 1438 ..........

234 1485 414 1579 gratisque
429 1496 546 1556 nostre
560 1481 763 1554 memoriam
779 1492 815 1552 et
829 1481 937 1553 robur
949 1495 1119 1579 perpetuo
1136 1486 1334 1575 valiturum,
1354 1508 1498 1581 presens
1510 1488 1648 1583 privile-

235 1609 330 1700 gium
347 1607 423 1680 lieri
442 1605 493 1706 [et
507 1607 603 1679 bulla
616 1603 782 1702 aurea(l)
801 1601 950 1702 ty]pario
964 1617 1080 1680 nostre
1096 1611 1286 1702 majestatis
1301 1611 1468 1707 impressa
1480 1613 1647 1705 jussimus

236 1733 455 1805 communiri.

284 1858 389 1950 Cujus
404 1855 453 1928 rei
470 1865 574 1928 testes
592 1851 689 1952 [sunt
704 1847 862 1948 ill]ustris
875 1875 941 1924 res
955 1853 1111 1926 Sardinie
1126 1856 1213 1928 sacri
1230 1857 1364 1952 imperii
1379 1859 1513 1950 legatus
1528 1860 1565 1930 in
1578 1861 1646 1932 lta·

236 1981 280 2052 lia
294 1979 636 2072 generalis,dilectus
647 1975 738 2048 lilius
751 1985 882 2066 noster,
892 1973 1119 2075 [Man]lredus
1132 1979 1285 2052 marchio
1298 1982 1444 2073 Lancee‚
1455 1984 1647 2078 Diopoldus

236 2103 392 2176 marchio
408 2102 452 2175 de
468 2100 722 2190 Fohembrnch‚
741 2099 905 2192 magister
921 2100 1043 2172 Petrus
1059 2101 1104 2174 de
1120 2103 1229 2175 Vinea
1245 2106 1324 2176 aule
1341 2116 1458 2178 nostre
1480 2117 1646 2203 protono·

237 2229 344 2298 tarius
368 2238 405 2298 et
426 2227 525 2319 regni
548 2225 661 2298 Sicilie
687 2222 884 2315 logotheta,
910 2224 1030 2296 Petrus
1054 2224 1099 2297 de
1126 2224 1282 2299 Calabria
1306 2229 1502 2300 marestalle
1528 2241 1647 2302 nostre

236 2353 413 2443 magister,
432 2350 594 2422 Thadens
616 2349 661 2421 de
685 2349 812 2420 Suessa
832 2367 959 2442 magne
981 2349 1076 2421 curie
1098 2360 1215 2422 nostre
1235 2350 1368 2443 judex,
1387 2351 1505 2426 dilecti
1525 2352 1647 2427 fideles

236 2473 359 2561 nostri,
381 2473 490 2544 etalii
506 2473 744 2566 quamplures.

285 2598 430 2689 Signum
455 2596 587 2668 domini
610 2594 720 2666 nostri
744 2593 908 2665 Friderici
938 2593 1083 2666 secundi
1108 2594 1326 2690 imperatoris
1347 2617 1487 2692 semper
1509 2599 1646 2690 augusti

235 2723 469 2792 Romanorum
483 2720 547 2790 Dei
563 2718 673 2810 gratia
689 2716 917 2806 invictissimi,
936 2717 1150 2788 Hierusalem
1164 2728 1200 2788 et
1213 2717 1327 2789 Sicilie
1344 2719 1448 2811 regis.

283 2843 370 2914 Acta
394 2853 476 2914 sunt
500 2841 566 2914 bec
589 2863 682 2914 anno
705 2837 904 2938 [dominice]
922 2841 1167 2913 incarnationis
1195 2843 1377 2914 millesimo
1407 2843 1645 2920 ducentesimo

236 2967 502 3060 quadragesimo
519 2966 679 3060 septimo,
689 2961 835 3062 [mense]
846 2964 1011 3056 januarii,
1027 2974 1126 3036 sexte
1140 2965 1355 3058 indictionis,
1373 2965 1563 3063 imperante
1578 2969 1644 3041 do·

237 3090 331 3162 mino
347 3101 467 3162 nostro
479 3090 654 3162 Friderico
674 3090 714 3162 11·
728 3088 789 3159 Dei
811 3089 923 3180 gratia
942 3088 1166 3160 invictissimo
1182 3090 1417 3162 Romanorum
1436 3090 1643 3186 imperatore

237 3235 377 3309 semper
391 3210 608 3309 augustodu),
625 3212 839 3284 Hierusalem
857 3211 956 3303 regni
971 3211 1135 3284 vicesimo
1152 3212 1320 3305 secundo,
1341 3213 1439 3305 regni
1455 3235 1539 3286 vero
1556 3215 1642 3288 Sici·

237 3337 282 3409 lie
297 3336 566 3431 quadragesimo
583 3358 688 3428 nono,
707 3336 864 3408 feliciter.
880 3334 1007 3407 Amen.

284 3461 411 3532 Datum
427 3459 522 3555 apud
537 3459 723 3532 Victoriam
737 3459 774 3530 in
789 3459 969 3532 obsidione
985 3461 1123 3550 Parme,
1140 3479 1250 3549 anno,
1269 3480 1388 3532 mense
1404 3472 1439 3533 et
1455 3461 1642 3536 indictione

237 3585 413 3680 predictis.

279 3786 320 3867 (a)
341 3789 398 3849 lilc
411 3788 519 3848 desunt
531 3785 622 3846 verba
635 3785 758 3864 nltquot.

279 3893 319 3975 (b)
341 3897 430 3958 Deest
443 3897 556 3955 notatio
570 3911 716 3954 annorum
730 3895 855 3970 imperil.

710 4097 856 4110 mn·-
859 4097 979 4108 ιιι-...ο

271 4237 303 4312 (t)
320 4239 382 4296 Non
397 4235 575 4295 dubitandum
592 4235 658 4308 quin
675 4233 713 4294 its
732 4233 910 4308 supplendum
923 4232 969 4305 sit,
979 4249 1064 4308 quum
1079 4234 1108 4291 iu
1124 4233 1351 4294 authenticationc
1370 4235 1540 4294 describatur
1555 4251 1639 4298 aurea

238 4334 309 4392 bulla
322 4335 373 4393 tilis
385 4335 479 4395 seritis
491 4333 584 4392 rubeis
593 4339 621 4390 et
634 4331 763 4390 viridibus
774 4333 906 4406 pendens,
920 4332 1023 4390 scilieet
1033 4332 1068 4390 ab
1080 4347 1134 4390 uno
1148 4331 1234 4390 latere
1246 4333 1334 4406 imago
1346 4333 1514 4407 imperatoris
1523 4335 1642 4396 sedentis

238 4431 267 4488 in
281 4432 374 4490 throno
386 4448 448 4490 cum
466 4431 552 4490 solitis
567 4429 717 4504 insignibus
730 4435 758 4487 et
775 4429 903 4504 legenda,
923 4428 959 4487 ab
980 4429 1065 4487 altero
1085 4435 1174 4487 entem
1195 4428 1282 4504 figure
1303 4430 1419 4490 civitatis
1438 4447 1501 4490 oum
1518 4433 1642 4492 circum-

237 4528 378 4602 scriptione
393 4547 401 4585 :
415 4529 492 4586 tlon
505 4545 593 4587 maur
605 4543 696 4586 susm
709 4544 795 4586 sserr
807 4542 889 4586 onere
902 4543 994 4587 nnus
1007 4543 1140 4588 sorusnn
