4318 5904
718 524 844 596 lubuit
868 530 1222 595 nocuusutoltull.
1615 533 1672 597 961

258 739 397 869 Q

686 879 755 925 cum
768 862 906 924 derectis
923 859 1021 921 iendis
1037 875 1113 938 quoe
1128 865 1209 922 tenet
1222 857 1260 920 ab
1276 861 1399 936 imperio
1418 861 1555 940 investit,
1574 863 1676 922 omnia
1793 928 1796 934 ,

685 959 839 1038 privilegiu
857 975 876 1018 a
894 973 925 1017 sa
944 963 974 1017 ct
996 957 1229 1018 antecessoribus
1249 959 1311 1017 aula
1332 956 1447 1018 indulta
1461 955 1630 1036 confirmat,
1645 964 1676 1019 et

685 1062 764 1118 ratas
778 1055 867 1116 habet
884 1055 1092 1131 promissiones
1109 1054 1205 1115 eidem
1222 1071 1274 1131 per
1286 1055 1446 1115 ilenricum
1460 1071 1559 1133 regem
1573 1053 1674 1116 Sardi-

683 1149 859 1213 niaeiillum
874 1149 1080 1210 snumiactas.
1615 1161 1673 1214 330

257 1279 292 1333 ll
315 1271 392 1352 julli.
449 1275 583 1337 Taurini,
647 1299 684 1314 -
704 1265 855 1328 Universis
868 1265 991 1342 Augilas
1005 1262 1151 1325 nobilibus
1169 1263 1283 1337 scribit,
1297 1265 1470 1324 acnmnlium
1483 1262 1674 1341 depositionis

683 1366 716 1426 ln
726 1365 795 1426 sein
804 1360 1124 1440 coneilioLugduuensl
1133 1363 1223 1422 letam
1232 1363 1457 1440 quasllulquam
1472 1368 1503 1422 ct
1511 1365 1588 1442 Jnrls
1604 1362 1672 1424 nul·

683 1462 741 1522 llus
752 1460 948 1539 redarguens,
963 1475 1070 1536 eosque
1080 1459 1214 1520 bortatur
1226 1465 1260 1519 ut
1272 1476 1373 1521 secum
1383 1462 1537 1538 insurgant
1549 1460 1587 1520 ad
1601 1476 1672 1521 cau-

682 1573 746 1619 sam
758 1574 842 1618 mam
856 1573 931 1635 quoe
944 1559 1076 1616 omnium
1090 1559 1258 1634 principum
1272 1563 1327 1636 est,
1344 1555 1569 1618 defendendam.
1613 1565 1669 1618 333

271 1673 290 1727 t
309 1681 381 1746 aug.
449 1669 583 1733 Taurini.
642 1696 683 1707 -
701 1663 908 1725 venditionem
921 1663 1058 1722 villarum
1073 1662 1170 1722 Sancti
1187 1663 1308 1722 Martini
1322 1661 1359 1720 de
1376 1661 1504 1722 Steiione
1518 1668 1547 1722 ct
1560 1663 1672 1724 Gorree

681 1761 886 1839 e'iempiarlls
900 1759 1042 1821 militibus
1056 1761 1260 1820 communitati
1275 1759 1459 1821 carlensium
1474 1758 1582 1819 iactam
1597 1776 1671 1820 con-

680 1854 790 1917 iirmal.
1610 1864 1668 1918 333

254 1971 390 2044 augusto.
447 1970 580 2034 Taurini,
642 1991 681 2006 -
700 1960 807 2022 Comlli
823 1960 912 2020 Petro
925 1958 962 2018 de
975 1958 1133 2020 blandrate
1145 1957 1299 2020 confirmat
1318 1959 1539 2036 acquisitionem
1557 1959 1596 2020 ab
1611 1963 1668 2021 iste

678 2057 788 2118 lectum
807 2057 845 2119 da
866 2063 952 2117 sexta
969 2063 1051 2134 perte
1066 2059 1155 2118 castri
1170 2057 1261 2118 Lanzl
1280 2059 1311 2116 in
1332 2053 1506 2130 cenaculo,
1528 2073 1617 2136 quam
1640 2060 1668 2119 ei

678 2155 813 2216 vendidit
826 2155 1002 2217 Guilleimus
1017 2156 1054 2216 de
1066 2156 1175 2216 Lanzo.
1609 2164 1667 2217 333

253 2269 390 2341 augusto.
446 2269 578 2334 lumini,
639 2293 680 2306 -
698 2261 748 2322 dd
766 2262 1006 2339 supplicationem
1023 2261 1177 2322 bominum
1194 2262 1321 2322 clvtutis
1338 2261 1431 2335 Carti,
1445 2277 1496 2322 cos
1509 2260 1668 2325 absolvlta

678 2357 903 2433 conditionibus,
918 2357 1115 2438 pactionibus,
1131 2359 1320 2420 sacramentis
1328 2359 1552 2420 etsocletatlbus
1559 2360 1667 2437 qrrlbus

678 2469 747 2530 erga
765 2455 879 2532 aliquos
897 2457 1027 2528 nobiles,
1047 2459 1182 2518 dvltutes
1199 2456 1249 2517 vai
1269 2456 1406 2518 ccclesias
1425 2459 1488 2518 sine
1507 2475 1561 2518 suo
1579 2475 1666 2520 man-

677 2550 747 2612 dato
758 2553 943 2615 tollebantur.
1607 2567 1665 2620 339

278 2657 370 2740 [aug]
406 2706 416 2727 .
447 2706 456 2727 .
481 2707 491 2726 .
513 2710 521 2724 .
545 2711 556 2730 ,
580 2709 588 2729 ,
624 2688 678 2745 ¹-
698 2658 807 2718 Scribit
824 2664 886 2739 regi
904 2661 1045 2724 castellae
1064 2669 1191 2740 cognato
1210 2680 1279 2737 suc,
1299 2665 1325 2724 ai
1345 2680 1528 2740 conquerens
1548 2666 1585 2726 de
1603 2666 1665 2726 filio

677 2759 740 2834 clus
755 2758 903 2819 Frlderico
915 2761 967 2838 qui
980 2775 1165 2822 commorans
1177 2762 1208 2820 in
1221 2763 1303 2822 curia
1316 2777 1381 2833 suu,
1394 2761 1502 2823 furtim
1516 2763 1555 2824 ad
1567 2763 1664 2825 rebel-

676 2853 718 2914 les
734 2855 849 2930 imperii
863 2857 993 2916 secessit.
1605 2870 1662 2922 343

276 2957 366 3036 [circa
407 3003 620 3030 .......
637 2989 677 3004 -
696 2959 825 3020 lioberto
838 2961 876 3020 de
891 2961 1046 3022 Geslllione
1062 2963 1207 3038 imperiali
1225 2965 1256 3022 ln
1272 2963 1402 3024 idarcbia
1419 2965 1572 3040 capitaneo
1589 2983 1662 3028 con-

259 3055 389 3118 mcdium
675 3058 785 3135 gaudet
798 3058 836 3120 de
849 3061 936 3118 novis
949 3059 1096 3136 quaesibi
1109 3061 1272 3120 transmisit
1284 3077 1370 3138 anper
1384 3060 1462 3121 iacto
1475 3062 1662 3124 Camerinen-

257 3155 391 3233 august]
675 3156 1045 3235 alumetAneonanslom,
1062 3173 1185 3218 monens
1198 3163 1298 3218 umen
1316 3158 1443 3235 quodln
1458 3160 1663 3238 aggrediendis

675 3252 796 3315 Venetis
807 3252 1004 3330 supersedeat.
1604 3268 1661 3320 343

279 3369 355 3442 sept,
407 3410 619 3434 ,,,,,,,
636 3389 676 3405 -
695 3358 758 3420 Sub
771 3360 935 3438 encyclicae
948 3359 1043 3421 torma
1062 3363 1238 3422 sententiam
1251 3359 1440 3439 depositionis
1460 3369 1562 3424 contm
1581 3382 1614 3425 se
1629 3367 1661 3424 lo

674 3456 1090 3535 concilloLugdunensliutam
1097 3459 1661 3537 quasilnlquametlurlsnulliusredar-

674 3555 753 3632 golt,
775 3561 961 3632 caaurosqua
979 3571 1065 3633 reges
1085 3555 1257 3616 adhortatur
1272 3563 1309 3617 ut
1326 3572 1426 3618 secum
1446 3559 1601 3637 insurgant
1623 3560 1662 3620 ad

674 3669 792 3713 causam
806 3669 990 3714 communem
1004 3651 1229 3715 defendendam.
1603 3667 1660 3719 ala

250 3765 288 3818 33
307 3765 386 3837 sept.
427 3761 597 3827 ῦιιιιοιιο.
635 3789 674 3804 -
693 3759 844 3822 Universls
858 3778 910 3836 per
927 3762 1082 3822 Franciam
1095 3762 1262 3823 constitutis
1279 3761 1383 3822 scribit
1400 3763 1549 3840 monsedo
1568 3779 1660 3842 nego-

672 3857 748 3916 tium
766 3873 870 3930 mum,
887 3859 948 3917 imo
965 3859 1099 3918 omnium
1118 3860 1299 3935 principum,
1316 3863 1421 3917 contra
1438 3874 1544 3935 papam
1559 3859 1660 3921 Ludo·

673 3953 740 4012 vico
755 3955 817 4031 regi
836 3959 866 4013 et
881 3954 1002 4030 paribus
1019 3954 1101 4014 iaicis
1119 3954 1259 4015 Francius
1277 3955 1472 4034 commiserit,
1488 3959 1662 4034 promittens

618 4091 621 4102 .
672 4050 699 4110 al
714 4065 773 4126 pcx
785 4053 972 4126 processerit,
987 4068 1019 4112 se
1033 4067 1101 4112 cum
1118 4051 1221 4112 codem
1234 4067 1301 4130 rege
1314 4057 1407 4111 totam
1420 4057 1530 4113 terram
1543 4053 1660 4114 leroso-

538 4201 541 4208 .
674 4147 837 4208 limitanam
851 4149 889 4208 ad
902 4148 1129 4210 christianorum
1143 4149 1284 4209 ditionem
1296 4156 1512 4212 revocaturum.
1602 4160 1660 4213 alti

280 4257 354 4330 sept.
441 4253 575 4318 Parmae.
636 4285 674 4298 -
694 4249 753 4314 Pro
764 4257 895 4333 gratiaci
907 4258 1034 4332 acceptis
1046 4257 1157 4316 urium
1169 4256 1370 4316 Parmensium
1379 4259 1518 4329 servitiis,
1531 4257 1661 4319 Tebeido

673 4349 830 4412 Francisco
843 4367 945 4412 corum
957 4355 1095 4429 potestati
1109 4359 1138 4412 et
1151 4353 1208 4429 ipsi
1223 4355 1372 4412 communi
1390 4355 1513 4414 Parmae
1533 4359 1661 4414 cosmum

674 4447 843 4509 Grondolae
856 4465 923 4510 cum
937 4450 1076 4512 omnibus
1093 4453 1157 4528 eJus
1170 4451 1353 4527 pertinentiis
1369 4457 1399 4511 el
1414 4450 1529 4526 juribus
1544 4455 1576 4510 in
1589 4469 1662 4528 per-

673 4545 953 4624 petuumconcedit.
1602 4557 1660 4609 333

280 4653 354 4724 sept.
441 4649 576 4714 Parmae.
637 4685 674 4698 —
692 4653 739 4714 Ad
753 4652 996 4730 supplicationem
1009 4655 1120 4715 civium
1136 4653 1345 4726 Parmensium,
1355 4655 1398 4714 eis
1407 4655 1661 4730 patentcsilttcras
