4306 5914
225 634 326 694 tuerer.
342 633 389 711 'l.]
673 630 870 694 HISTORIA
895 631 1193 706 ututoteartct.
1570 628 1632 692 6¹19

226 769 346 865 populi
359 778 395 841 ct
407 776 523 840 motus
535 767 643 838 multa
661 765 896 840 misericordia
912 781 1130 864 supereum,
1143 766 1634 862 insultantissuperbicextol-

226 893 367 964 lentiam
383 891 532 985 dejicere
548 912 590 963 ac
606 891 731 964 tiranni
748 891 892 963 furentis
908 892 1009 964 lerire
1022 893 1133 964 uoluit
1148 891 1455 978 feritatemouare
1469 891 1504 962 in
1520 891 1634 986 ipsum
1712 953 1718 966 .

225 1017 282 1108 qui
303 1039 383 1088 cnm
399 1015 435 1087 in
452 1015 584 1088 bonore
601 1027 693 1088 esset
712 1015 825 1088 uoluit
839 1015 1031 1109 intelligere
1047 1025 1088 1088 ut
1102 1017 1192 1090 bene
1201 1015 1409 1109 ageret,sed
1417 1015 1634 1109 iniquitatem

225 1143 391 1214 continue
408 1142 580 1214 meditans
595 1142 715 1237 peiora
731 1163 868 1237 semper
882 1151 1046 1238 operatus
1053 1142 1182 1233 extitit,
1201 1141 1344 1236 dignum
1359 1151 1395 1213 ct
1406 1142 1538 1234 justum
1556 1139 1633 1214 exi·

224 1267 387 1357 gentibus
412 1266 657 1338 nichilominus
679 1265 903 1362 quammultis
924 1265 1000 1338 aliis
1023 1265 1242 1358 gravissimis·
1256 1267 1326 1338 suis
1347 1265 1458 1361 culpis
1476 1286 1564 1358 quas
1587 1264 1635 1338 ad

225 1369 754 1484 presenssilentiorelinquimus,
764 1397 816 1460 et
820 1387 990 1481 judicium
997 1389 1186 1481 jaculatum
1197 1389 1277 1481 ,sed
1286 1398 1379 1462 oerte
1390 1387 1545 1460 nondum
1554 1388 1636 1463 licet

225 1513 342 1586 forsan
362 1513 554 1603 tremuerit,
570 1535 590 1584 a
604 1513 705 1585 solita
721 1513 934 1607 malignitate
948 1514 1093 1608 quievit,
1103 1513 1187 1609 quin
1198 1514 1312 1610 potius
1326 1523 1490 1607 tanquam
1508 1514 1543 1586 in
1554 1535 1633 1609 pro·

225 1637 371 1708 fundum
381 1639 550 1709 malorum
561 1638 753 1728 demersus,
763 1635 952 1732 desperans
961 1638 1107 1711 ulterius
1118 1649 1386 1712 etcontemneus
1394 1613 1430 1709 in
1438 1648 1634 1712 extremum

225 1761 442 1856 precipitium
454 1762 704 1835 committendo
716 1762 927 1835 incessanter
938 1762 1109 1835 deteriora
1125 1762 1294 1859 prioribus
1309 1772 1399 1835 totus
1412 1761 1496 1834 abit.
1507 1762 1635 1833 Vemm

225 1884 306 1976 qnia
320 1885 546 1981 principalius
556 1886 604 1959 ad
617 1907 681 1959 nos
695 1895 829 1980 spectat
844 1886 889 1960 de
905 1886 1029 1981 prelati
1045 1879 1262 1981 reparatione
1277 1885 1373 1978 regni
1388 1885 1531 1958 sollicite
1545 1886 1635 1978 cogi·

227 2019 315 2099 tare,
325 2031 405 2081 cum
421 2020 553 2103 quanto
569 2011 752 2106 specialius
765 2010 812 2082 ed
827 2011 1060 2106 Apostolicam
1073 2011 1199 2084 Sedem
1216 2011 1367 2106 partinet
1379 2029 1421 2082 ac
1434 2009 1500 2083 sibi
1518 2009 1637 2083 existit

226 2133 386 2228 vicinius,
406 2143 503 2208 tanto
518 2135 626 2231 ipsius
643 2134 812 2229 profectui
832 2146 868 2208 et
891 2135 992 2208 saluti
1009 2134 1228 2208 affectuosius
1243 2135 1423 2208 intendere
1441 2144 1633 2226 teneamur,
1707 2129 1708 2132 ’
1782 2139 1784 2146 ’

224 2270 372 2354 pensato
391 2268 523 2332 attente
545 2259 640 2355 quod
662 2259 728 2331 nisi
745 2259 912 2349 Ecclesia,
931 2281 1011 2332 oum
1025 2259 1069 2332 sit
1088 2270 1212 2348 mater,
1233 2260 1336 2354 plena
1349 2280 1413 2331 sua
1428 2260 1586 2332 libertate
1600 2267 1636 2332 et

223 2384 431 2456 anctoritate
447 2384 483 2455 in
501 2405 608 2478 regno
619 2386 694 2480 ipso
707 2383 871 2478 gaudeat,
890 2384 936 2456 ad
949 2393 1102 2480 optatam
1119 2385 1206 2457 illud
1222 2384 1364 2458 letitiam
1379 2405 1559 2476 resurgere
1572 2383 1636 2458 vix

223 2508 370 2599 valebit,
384 2519 420 2580 et
429 2508 456 2581 si
466 2509 618 2604 perlecto
628 2508 701 2604 ipsa
712 2517 962 2581 restauraretur
971 2508 1114 2601 ibidem,
1131 2508 1222 2582 illius
1236 2508 1436 2582 reformatio
1452 2509 1584 2582 facilius
1601 2519 1637 2583 et

224 2632 375 2705 celerius
398 2634 641 2726 subsequetur,
659 2632 874 2728 providimus
894 2632 968 2705 loro
982 2633 1075 2705 clero
1092 2642 1127 2704 et
1145 2632 1299 2705 ecclesiis
1312 2633 1468 2726 ejusdem
1486 2634 1585 2727 regni
1596 2645 1637 2708 ut

223 2758 272 2829 ad
286 2758 418 2830 bonum
435 2768 471 2829 et
485 2758 631 2829 libemm
645 2767 773 2830 statum
791 2755 949 2848 adjutore
965 2757 1114 2830 Domino
1129 2755 1635 2848 reducantur,citoetellicaci·

224 2891 281 2954 ter
295 2882 581 2972 succurrendum
592 2882 773 2977 presertim
780 2881 861 2974 quia
871 2889 986 2952 nostra
1001 2880 1167 2953 interesse
1177 2880 1367 2954 dinoscitur
1377 2881 1632 2978 deregnoipso,

222 3029 305 3080 cum
320 3008 365 3079 sit
380 3007 529 3103 speciale
545 3007 637 3080 sedis
652 3007 808 3101 ejusdem
825 3015 861 3078 et
877 3028 958 3100 rege
976 3027 1070 3080 nunc
1083 3017 1211 3098 careat,
1230 3016 1421 3080 memorato
1436 3007 1473 3080 F.
1495 3016 1635 3080 senten·

224 3131 356 3203 tialiter
366 3132 426 3204 illo
441 3130 590 3228 privato,
610 3132 717 3204 libere
736 3132 909 3204 ordinare.
928 3131 1015 3204 ilinc
1030 3143 1082 3204 est
1098 3132 1193 3225 quod
1209 3153 1273 3204 uos
1288 3132 1332 3204 de
1342 3132 1486 3203 lratmm
1499 3143 1637 3206 nostro·

224 3255 459 3328 rumcousilio
476 3255 724 3329 deliberatione
749 3255 928 3350 prehabita
950 3255 1124 3348 diligenti,
1149 3255 1412 3330 constitutiones
1432 3278 1553 3330 omnes
1572 3277 1636 3328 sou

224 3390 370 3470 statuta,
382 3379 630 3470 ordinationes,
646 3369 901 3473 dispositiones,
912 3379 1294 3471 jussionesetuniversa
1306 3379 1385 3452 talia
1397 3379 1432 3452 in
1443 3379 1636 3473 derogatio-

224 3525 308 3576 nem
329 3503 386 3575 vel
411 3481 638 3599 prejudicium
655 3503 834 3593 libertatis,
851 3502 1089 3594 immunitatis,
1105 3503 1318 3577 auctoritatis
1343 3516 1378 3578 et
1387 3505 1636 3597 jurisdictionis

224 3627 459 3702 ecclesiastice
475 3639 535 3700 aut
551 3647 848 3721 quorumcumque
860 3627 992 3720 jurium
1009 3617 1318 3701 ecclesiasticomm
1339 3649 1360 3700 a
1379 3630 1536 3725 predicto
1553 3632 1635 3705 Fre·

224 3751 346 3826 derioo
363 3761 444 3824 ante
459 3751 516 3825 vel
531 3761 612 3847 post
627 3751 878 3846 depositionem
892 3751 1000 3846 ipsius
1015 3752 1142 3843 edicta,
1163 3774 1299 3827 necnon
1316 3762 1351 3825 et
1364 3755 1536 3846 quaslibet
1551 3777 1634 3829 oon·

224 3875 432 3949 suetudines
452 3885 572 3947 contra
593 3875 659 3948 beo
673 3875 710 3947 in
731 3874 854 3947 eodem
876 3895 984 3967 regno
1005 3876 1050 3948 ab
1070 3875 1146 3972 ipso
1165 3877 1219 3948 vel
1243 3877 1313 3949 suis
1334 3878 1636 3974 predecessoribus

224 3999 343 4073 Sicilie
359 3999 499 4092 regibus
517 4000 730 4072 introductas
743 3998 856 4070 irritas
871 3999 1013 4072 omniuo
1029 4009 1065 4071 et
1079 4021 1207 4073 vacuas
1223 4001 1468 4095 decernentes,
1491 4003 1635 4096 singulis

225 4127 338 4222 ipsius
358 4126 454 4218 regni
470 4125 624 4198 ecclesiis
642 4135 712 4198 mm
732 4124 945 4196 secularibus
962 4145 1066 4218 quam
1083 4125 1313 4217 regularibus,
1329 4126 1585 4199 cathedralibus
1598 4135 1634 4198 et

223 4251 304 4324 aliis
322 4271 459 4323 necnon
478 4260 514 4323 et
531 4249 691 4322 domibus
705 4248 872 4342 religiosis
888 4249 1059 4337 civitates,
1077 4259 1202 4338 castra,
1222 4249 1335 4338 villas,
1357 4259 1477 4340 terras,
1497 4251 1632 4347 predia,

224 4374 477 4469 possessiones,
488 4372 660 4465 homiues,
671 4375 853 4463 vassallos,
867 4373 1025 4446 affidatos
1037 4383 1072 4445 et
1080 4383 1195 4446 cetera
1207 4373 1298 4447 bona
1309 4384 1346 4446 et
1349 4375 1429 4468 jura
1438 4376 1563 4468 quibus
1574 4397 1633 4450 eas

223 4497 320 4569 idem
334 4497 537 4570 Fredericus
550 4498 606 4569 uel
621 4519 685 4592 per
697 4496 935 4592 inquisitiones
950 4507 1010 4570 aut
1022 4498 1260 4570 concessiones
1274 4521 1335 4570 seu
1347 4499 1564 4573 venditiones
1577 4501 1633 4574 vel

224 4621 430 4694 concambia
445 4620 518 4694 sive
536 4644 756 4716 quocumque
769 4621 838 4693 alio
851 4622 956 4694 modo
969 4621 1139 4711 destituit,
1155 4623 1308 4718 plenarie
1322 4623 1532 4697 restituimus
1544 4625 1633 4698 inte·

224 4763 288 4835 gre
301 4743 349 4818 ab
364 4744 447 4841 ipsis
455 4767 535 4818 cnm
550 4744 712 4820 omnibus
721 4746 936 4841 pertinentiis
950 4754 986 4818 et
994 4745 1131 4838 Juribus
1141 4745 1211 4818 suis
1223 4744 1267 4819 de
1276 4756 1393 4822 cetam
1403 4748 1630 4844 possidenda,
