4310 5908
1001 571 1213 636 rnrnenrcr
1238 571 1410 635 saeuum
1721 569 1802 654 [nn.
1821 569 1907 632 raas.

710 839 967 852 -α--ι-υ-

559 1041 791 1152 Fridericus,
829 1045 1087 1130 Romanorum
1130 1048 1355 1160 imperator,
1389 1047 1514 1133 Ticcio
1549 1048 1597 1132 de
1637 1047 1742 1132 Colle
1772 1049 1912 1134 vicario

446 1182 452 1194 '
506 1177 707 1261 comitatus
741 1177 917 1262 Senensis
944 1179 1102 1264 mandat
1130 1191 1174 1264 ut
1204 1180 1254 1264 ad
1289 1181 1576 1291 requisitionem
1601 1179 1749 1264 abbatis
1785 1181 1913 1266 Sancti

507 1309 714 1395 Salvatoris
741 1311 790 1394 de
820 1312 946 1397 Monte
982 1313 1132 1398 dmisto
1163 1323 1290 1424 parics
1313 1313 1362 1398 dc
1390 1314 1629 1424 possessione
1658 1315 1773 1397 castri
1804 1315 1912 1398 Plani

508 1443 744 1554 destagnarii
763 1447 1030 1530 contendentes
1049 1447 1088 1528 in
1107 1445 1210 1532 brevi
1228 1447 1392 1532 termino
1410 1448 1459 1530 ad
1480 1473 1662 1559 magnam
1679 1448 1913 1558 imperialem

507 1577 654 1662 curiam
681 1577 788 1686 citet,
807 1587 844 1662 et
862 1579 1006 1662 interca
1026 1579 1172 1664 fructus
1193 1581 1307 1663 castri
1332 1579 1504 1690 ejusdem
1528 1581 1756 1691 sequestrari
1784 1580 1909 1666 indat.

590 1831 713 1910 (incdit.
728 1848 767 1893 ax
784 1832 920 1910 originali
932 1835 963 1892 in
981 1832 1103 1894 areblm
1116 1833 1238 1912 diplom.
1260 1833 1390 1896 Floreat.
1409 1839 1576 1908 marnaio,
1594 1837 1681 1913 calca
1695 1836 1810 1912 coptam
1830 1835 1914 1898 nobb

628 1937 662 2000 P.
679 1938 717 2001 G.
732 1940 805 2000 Rosi
819 1939 977 2000 liberaliter
989 1940 1139 2018 quondam
1155 1939 1241 2002 nobis
1254 1938 1348 2018 lecit.)

557 2170 752 2244 Fridericus
768 2171 831 2242 Dei
846 2171 958 2263 gratia
979 2171 1215 2243 Romanorum
1238 2169 1427 2264 imperator
1447 2191 1585 2266 semper
1602 2179 1788 2264 engistus,
1814 2171 1914 2244 Jeru-

510 2295 618 2366 salem
634 2303 670 2366 et
690 2293 804 2367 Sicilie
821 2316 903 2386 rex,
918 2294 1033 2367 Ticcio
1049 2294 1094 2367 de
1107 2295 1199 2368 Colle
1216 2294 1347 2366 vicario
1363 2294 1547 2367 comitatus
1564 2293 1728 2367 Senensis
1739 2291 1835 2367 fideli
1853 2315 1915 2370 suo

511 2417 658 2511 gratiam
686 2428 845 2489 suamet
873 2417 1001 2490 bonam
1030 2419 1259 2491 voluntatem.
1289 2419 1355 2489 Pro
1377 2427 1476 2514 parte
1505 2417 1688 2492 Mainircdi
1709 2418 1917 2492 venerabilis

512 2539 649 2614 abbatis
662 2541 862 2613 monasterii
878 2541 994 2613 Sancti
1010 2542 1197 2615 Salvatoris
1208 2541 1253 2614 de
1267 2542 1382 2614 Monte
1395 2540 1534 2614 Amiato
1546 2541 1658 2615 fidelis
1673 2543 1783 2615 nostri
1796 2544 1918 2638 majes-

515 2665 577 2740 tati
603 2677 720 2738 nostre
750 2666 814 2737 tuit
842 2665 1019 2738 humiliter
1052 2667 1283 2762 supplicatum
1307 2675 1480 2760 quatenus
1512 2667 1717 2738 sententiam
1748 2667 1853 2739 latam
1881 2669 1918 2740 in

514 2801 632 2865 nostra
653 2811 778 2883 magna
796 2791 891 2862 curia
907 2812 970 2886 pro
987 2790 1112 2864 eodem
1129 2801 1251 2864 contra
1267 2791 1433 2864 Iacobum
1448 2791 1641 2864 Baroncelli
1656 2801 1917 2888 procuratorem

514 2915 687 2987 Frederici
710 2913 905 3010 etPeponis
924 2915 1068 2986 fratrum
1090 2914 1219 2986 civium
1237 2914 1441 2987 Senensium
1461 2913 1523 3010 qui
1544 2935 1608 3012 pro
1628 2924 1726 3011 parte
1745 2915 1919 3011 predicto·

516 3063 593 3113 rum
612 3041 657 3112 ad
678 3039 930 3112 restitutionem
947 3038 1050 3112 castri
1065 3039 1160 3112 Plani
1177 3039 1388 3132 castagnarii
1401 3037 1497 3135 quod
1515 3039 1599 3112 dicti
1614 3040 1738 3114 iratres
1753 3061 1817 3136 pro
1832 3041 1920 3114 indi·

515 3165 590 3239 viso
607 3173 746 3256 tenent,
765 3165 880 3236 extitit
896 3164 1189 3260 condempnatus,
1209 3185 1316 3257 aqua
1336 3164 1508 3236 sententia
1524 3163 1637 3238 dictus
1655 3175 1860 3259 procurator
1873 3163 1921 3238 ad

515 3303 669 3364 nostram
684 3290 895 3364 audientiam
911 3289 1121 3385 appellavit,
1142 3310 1222 3361 cum
1237 3288 1506 3384 appellationem
1520 3288 1630 3384 ipsam
1649 3288 1740 3361 inira
1753 3289 1921 3382 legittima

517 3427 672 3511 tempora
702 3436 774 3488 non
796 3415 900 3486 inerit
927 3421 1147 3508 prosecutus,
1183 3412 1380 3484 executioni
1402 3412 1569 3484 mandare
1602 3423 1672 3484 tam
1696 3413 1791 3506 juste
1815 3434 1921 3507 quam

516 3537 783 3610 misericorditer
801 3536 1039 3629 dignaremur3
1058 3557 1100 3609 ac
1119 3535 1259 3607 interim
1279 3536 1361 3630 quia
1376 3537 1508 3608 tructus
1528 3536 1674 3632 predicti
1689 3537 1792 3610 castri
1811 3536 1920 3632 depo·

517 3664 681 3758 pulantur
708 3662 752 3734 ab
768 3662 851 3757 ipsis
869 3663 905 3733 in
926 3661 1155 3757 prejudicium
1170 3660 1278 3755 ipsius
1293 3660 1429 3732 abbatis
1445 3670 1481 3733 et
1500 3660 1701 3734 monasterii
1716 3661 1918 3756 supradicti,

517 3809 578 3860 eos
604 3786 812 3880 sequestrari
844 3785 1034 3858 secundum
1056 3785 1226 3878 justitiam
1255 3785 1513 3856 mandaremus.
1536 3784 1670 3871 Quibus
1697 3785 1922 3880 supplicatio·

516 3911 621 3984 nibus
638 3911 735 3982 velut
751 3909 920 4003 justitiam
934 3908 1192 3982 continentibus
1205 3907 1389 4000 benignius
1407 3907 1579 4001 inclinati,
1597 3919 1655 3981 tue
1668 3906 1826 3982 fidelitati
1842 3929 1923 4004 pre·

517 4036 664 4132 cipimus
679 4044 851 4130 quatenus
871 4033 1064 4129 predictum
1082 4033 1250 4106 Iacobum
1268 4031 1460 4105 baroncelli
1478 4043 1738 4129 procuratorem
1757 4053 1799 4106 ac
1824 4054 1923 4106 eum·

434 4221 439 4230 .
518 4158 599 4233 dem
627 4158 848 4233 Frederioum
885 4169 920 4230 et
952 4159 1127 4252 Peponem
1158 4158 1282 4229 iratres
1312 4156 1545 4253 peremptorie
1573 4157 1742 4250 legittime
1767 4157 1853 4230 cites
1883 4167 1925 4230 ut

518 4273 749 4379 decimo'post
765 4282 964 4354 citationem
977 4291 1073 4353 tuam
1090 4281 1126 4351 iu
1143 4290 1262 4352 nostra
1280 4300 1406 4372 magna
1426 4279 1522 4353 curia
1538 4301 1575 4352 se
1593 4290 1807 4376 presentent,
1824 4291 1864 4352 ut
1877 4277 1926 4352 ad

519 4407 729 4480 decisionem
742 4407 850 4502 ipsius
869 4427 972 4478 cause
990 4404 1209 4500 presentibus
1228 4403 1384 4500 partibus
1404 4403 1580 4478 mediante
1598 4404 1732 4497 justitia
1755 4404 1925 4502 procede·

520 4542 597 4622 tor;
628 4534 760 4604 tructos
784 4552 868 4604 vero
891 4551 1012 4602 omnes
1033 4530 1140 4625 ipsius
1160 4529 1264 4601 castri
1284 4529 1345 4626 qui
1368 4539 1448 4624 post
1474 4529 1580 4601 latam
1604 4528 1811 4602 sententiam
1844 4539 1927 4602 sunt

520 4656 673 4752 percepti
690 4666 725 4727 et
741 4666 863 4728 extem
879 4665 914 4727 et
931 4654 1176 4750 percipientur,
1194 4652 1306 4727 donec
1323 4673 1428 4726 causa
1444 4653 1519 4750 ipsa
1535 4651 1605 4726 fine
1620 4652 1740 4727 debito
1759 4653 1924 4726 termine·
