<?xml version="1.0" encoding="UTF-8"?>
<!DOCTYPE html PUBLIC "-//W3C//DTD XHTML 1.0 Transitional//EN"
    "http://www.w3.org/TR/xhtml1/DTD/xhtml1-transitional.dtd">
<html xmlns="http://www.w3.org/1999/xhtml" xml:lang="en" lang="en">
 <head>
  <title>
</title>
<meta http-equiv="Content-Type" content="text/html;charset=utf-8" />
  <meta name='ocr-system' content='tesseract 3.04.00' />
  <meta name='ocr-capabilities' content='ocr_page ocr_carea ocr_par ocr_line ocrx_word'/>
</head>
<body>
  <div class='ocr_page' id='page_1' title='image "./historiadiploma00fredgoog/historiadiploma00fredgoog_0240.png"; bbox 0 0 4310 5908; ppageno 0'>
   <div class='ocr_carea' id='block_1_1' title="bbox 231 639 1638 717">
    <p class='ocr_par' dir='ltr' id='par_1_1' title="bbox 231 639 1638 717">
     <span class='ocr_line' id='line_1_1' title="bbox 231 639 1638 717; baseline 0.006 -17"><span class='ocrx_word' id='word_1_1' title='bbox 231 641 333 700; x_wconf 83' lang='lat' dir='ltr'><strong>lantar.</strong></span> <span class='ocrx_word' id='word_1_2' title='bbox 350 639 397 717; x_wconf 86' lang='lat'><strong>8.]</strong></span> <span class='ocrx_word' id='word_1_3' title='bbox 676 639 873 702; x_wconf 74' lang='lat' dir='ltr'>HISTORIA</span> <span class='ocrx_word' id='word_1_4' title='bbox 888 641 1192 704; x_wconf 76' lang='lat' dir='ltr'><strong>&#39;otatottartca</strong></span> <span class='ocrx_word' id='word_1_5' title='bbox 1580 650 1638 710; x_wconf 84' lang='lat' dir='ltr'><strong>’l’l&#39;l</strong></span> 
     </span>
    </p>
   </div>
   <div class='ocr_carea' id='block_1_2' title="bbox 225 775 1639 2850">
    <p class='ocr_par' dir='ltr' id='par_1_2' title="bbox 225 775 1639 2610">
     <span class='ocr_line' id='line_1_2' title="bbox 233 775 1639 873; baseline 0.003 -23"><span class='ocrx_word' id='word_1_6' title='bbox 233 777 321 850; x_wconf 88' lang='lat' dir='ltr'><strong>simo</strong></span> <span class='ocrx_word' id='word_1_7' title='bbox 334 775 573 850; x_wconf 89' lang='lat' dir='ltr'><strong>ducentesimo</strong></span> <span class='ocrx_word' id='word_1_8' title='bbox 587 776 873 870; x_wconf 79' lang='lat' dir='ltr'><strong>quinquagesimo</strong></span> <span class='ocrx_word' id='word_1_9' title='bbox 887 787 922 848; x_wconf 90' lang='lat' dir='ltr'><strong>et</strong></span> <span class='ocrx_word' id='word_1_10' title='bbox 939 777 1111 849; x_wconf 89' lang='lat' dir='ltr'><strong>tricesimo</strong></span> <span class='ocrx_word' id='word_1_11' title='bbox 1125 797 1218 850; x_wconf 91' lang='lat' dir='ltr'><strong>anno</strong></span> <span class='ocrx_word' id='word_1_12' title='bbox 1230 777 1367 873; x_wconf 88' lang='lat' dir='ltr'><strong>imperii</strong></span> <span class='ocrx_word' id='word_1_13' title='bbox 1382 779 1514 852; x_wconf 91' lang='lat' dir='ltr'><strong>domini</strong></span> <span class='ocrx_word' id='word_1_14' title='bbox 1530 783 1639 856; x_wconf 91' lang='lat' dir='ltr'><strong>nostri</strong></span> 
     </span>
     <span class='ocr_line' id='line_1_3' title="bbox 231 899 1635 998; baseline 0.003 -27"><span class='ocrx_word' id='word_1_15' title='bbox 231 899 403 972; x_wconf 81' lang='lat' dir='ltr'><strong>Frederici</strong></span> <span class='ocrx_word' id='word_1_16' title='bbox 422 899 486 971; x_wconf 91' lang='lat' dir='ltr'><strong>Dei</strong></span> <span class='ocrx_word' id='word_1_17' title='bbox 504 901 615 992; x_wconf 78' lang='lat' dir='ltr'><strong>gratia</strong></span> <span class='ocrx_word' id='word_1_18' title='bbox 632 900 846 973; x_wconf 85' lang='lat' dir='ltr'><strong>invictissimi</strong></span> <span class='ocrx_word' id='word_1_19' title='bbox 859 902 1092 973; x_wconf 87' lang='lat' dir='ltr'><strong>Romanorum</strong></span> <span class='ocrx_word' id='word_1_20' title='bbox 1107 900 1323 996; x_wconf 86' lang='lat' dir='ltr'><strong>imperatoria</strong></span> <span class='ocrx_word' id='word_1_21' title='bbox 1334 911 1470 998; x_wconf 79' lang='lat' dir='ltr'>semper</span> <span class='ocrx_word' id='word_1_22' title='bbox 1485 906 1635 998; x_wconf 81' lang='lat' dir='ltr'><strong>augusti,</strong></span> 
     </span>
     <span class='ocr_line' id='line_1_4' title="bbox 230 1023 1638 1120; baseline 0.005 -26"><span class='ocrx_word' id='word_1_23' title='bbox 230 1023 418 1094; x_wconf 82' lang='lat' dir='ltr'><strong>Jerusalem</strong></span> <span class='ocrx_word' id='word_1_24' title='bbox 434 1033 469 1094; x_wconf 93' lang='lat' dir='ltr'><strong>et</strong></span> <span class='ocrx_word' id='word_1_25' title='bbox 484 1023 597 1095; x_wconf 86' lang='lat' dir='ltr'><strong>Sicilie</strong></span> <span class='ocrx_word' id='word_1_26' title='bbox 612 1024 724 1116; x_wconf 84' lang='lat' dir='ltr'><strong>regis,</strong></span> <span class='ocrx_word' id='word_1_27' title='bbox 745 1024 802 1096; x_wconf 93' lang='lat' dir='ltr'><strong>die</strong></span> <span class='ocrx_word' id='word_1_28' title='bbox 815 1025 954 1096; x_wconf 86' lang='lat' dir='ltr'><strong>veneris</strong></span> <span class='ocrx_word' id='word_1_29' title='bbox 967 1025 1079 1120; x_wconf 93' lang='lat' dir='ltr'><strong>primo</strong></span> <span class='ocrx_word' id='word_1_30' title='bbox 1088 1025 1180 1117; x_wconf 88' lang='lat' dir='ltr'><strong>julii,</strong></span> <span class='ocrx_word' id='word_1_31' title='bbox 1206 1035 1328 1096; x_wconf 90' lang='lat' dir='ltr'><strong>octave</strong></span> <span class='ocrx_word' id='word_1_32' title='bbox 1346 1025 1556 1120; x_wconf 80' lang='lat' dir='ltr'><strong>indictionis,</strong></span> <span class='ocrx_word' id='word_1_33' title='bbox 1582 1050 1638 1101; x_wconf 92' lang='lat' dir='ltr'><strong>me</strong></span> 
     </span>
     <span class='ocr_line' id='line_1_5' title="bbox 229 1144 1638 1244; baseline 0.005 -29"><span class='ocrx_word' id='word_1_34' title='bbox 229 1144 396 1216; x_wconf 83' lang='lat' dir='ltr'><strong>Iacobum</strong></span> <span class='ocrx_word' id='word_1_35' title='bbox 417 1146 579 1241; x_wconf 88' lang='lat' dir='ltr'><strong>Capuane</strong></span> <span class='ocrx_word' id='word_1_36' title='bbox 602 1148 750 1220; x_wconf 85' lang='lat' dir='ltr'><strong>civitatis</strong></span> <span class='ocrx_word' id='word_1_37' title='bbox 771 1148 925 1240; x_wconf 86' lang='lat' dir='ltr'><strong>judicem</strong></span> <span class='ocrx_word' id='word_1_38' title='bbox 949 1149 1054 1220; x_wconf 82' lang='lat' dir='ltr'><strong>irater</strong></span> <span class='ocrx_word' id='word_1_39' title='bbox 1078 1149 1206 1244; x_wconf 83' lang='lat' dir='ltr'><strong>Symon</strong></span> <span class='ocrx_word' id='word_1_40' title='bbox 1228 1147 1419 1220; x_wconf 90' lang='lat' dir='ltr'><strong>monachus</strong></span> <span class='ocrx_word' id='word_1_41' title='bbox 1439 1151 1638 1224; x_wconf 89' lang='lat' dir='ltr'><strong>monasterii</strong></span> 
     </span>
     <span class='ocr_line' id='line_1_6' title="bbox 229 1267 1639 1365; baseline 0.005 -25"><span class='ocrx_word' id='word_1_42' title='bbox 229 1267 421 1340; x_wconf 72' lang='lat' dir='ltr'><strong>sasinensis</strong></span> <span class='ocrx_word' id='word_1_43' title='bbox 445 1290 509 1363; x_wconf 93' lang='lat' dir='ltr'><strong>pro</strong></span> <span class='ocrx_word' id='word_1_44' title='bbox 530 1280 629 1365; x_wconf 85' lang='lat' dir='ltr'><strong>parte</strong></span> <span class='ocrx_word' id='word_1_45' title='bbox 656 1270 813 1363; x_wconf 90' lang='lat' dir='ltr'><strong>ejusdem</strong></span> <span class='ocrx_word' id='word_1_46' title='bbox 835 1281 1028 1343; x_wconf 87' lang='lat' dir='ltr'><strong>conventus</strong></span> <span class='ocrx_word' id='word_1_47' title='bbox 1054 1271 1252 1343; x_wconf 88' lang='lat' dir='ltr'><strong>monasterii</strong></span> <span class='ocrx_word' id='word_1_48' title='bbox 1284 1272 1420 1364; x_wconf 83' lang='lat' dir='ltr'><strong>rogavit</strong></span> <span class='ocrx_word' id='word_1_49' title='bbox 1443 1283 1575 1346; x_wconf 87' lang='lat' dir='ltr'><strong>attente</strong></span> <span class='ocrx_word' id='word_1_50' title='bbox 1600 1285 1639 1347; x_wconf 91' lang='lat' dir='ltr'><strong>ut</strong></span> 
     </span>
     <span class='ocr_line' id='line_1_7' title="bbox 230 1391 1639 1490; baseline 0.008 -29"><span class='ocrx_word' id='word_1_51' title='bbox 230 1391 403 1484; x_wconf 89' lang='lat' dir='ltr'><strong>quasdam</strong></span> <span class='ocrx_word' id='word_1_52' title='bbox 429 1393 624 1488; x_wconf 84' lang='lat' dir='ltr'><strong>imperiales</strong></span> <span class='ocrx_word' id='word_1_53' title='bbox 647 1394 778 1466; x_wconf 78' lang='lat' dir='ltr'><strong>litteras</strong></span> <span class='ocrx_word' id='word_1_54' title='bbox 795 1395 964 1490; x_wconf 92' lang='lat' dir='ltr'><strong>imperiali</strong></span> <span class='ocrx_word' id='word_1_55' title='bbox 988 1395 1101 1488; x_wconf 80' lang='lat' dir='ltr'><strong>sigillo</strong></span> <span class='ocrx_word' id='word_1_56' title='bbox 1126 1416 1227 1466; x_wconf 91' lang='lat' dir='ltr'><strong>cereo</strong></span> <span class='ocrx_word' id='word_1_57' title='bbox 1244 1395 1407 1485; x_wconf 89' lang='lat' dir='ltr'><strong>munitas,</strong></span> <span class='ocrx_word' id='word_1_58' title='bbox 1425 1397 1639 1472; x_wconf 83' lang='lat' dir='ltr'><strong>tratriBene·</strong></span> 
     </span>
     <span class='ocr_line' id='line_1_8' title="bbox 229 1513 1636 1616; baseline 0.006 -31"><span class='ocrx_word' id='word_1_59' title='bbox 229 1513 320 1587; x_wconf 87' lang='lat' dir='ltr'><strong>dicto</strong></span> <span class='ocrx_word' id='word_1_60' title='bbox 352 1518 566 1611; x_wconf 90' lang='lat' dir='ltr'><strong>procuratori</strong></span> <span class='ocrx_word' id='word_1_61' title='bbox 590 1519 761 1590; x_wconf 95' lang='lat' dir='ltr'><strong>bonorum</strong></span> <span class='ocrx_word' id='word_1_62' title='bbox 784 1518 960 1613; x_wconf 89' lang='lat' dir='ltr'><strong>quondam</strong></span> <span class='ocrx_word' id='word_1_63' title='bbox 985 1519 1076 1590; x_wconf 92' lang='lat' dir='ltr'><strong>Petri</strong></span> <span class='ocrx_word' id='word_1_64' title='bbox 1105 1519 1150 1590; x_wconf 90' lang='lat' dir='ltr'><strong>de</strong></span> <span class='ocrx_word' id='word_1_65' title='bbox 1173 1519 1282 1591; x_wconf 84' lang='lat' dir='ltr'><strong>Vinea</strong></span> <span class='ocrx_word' id='word_1_66' title='bbox 1303 1519 1534 1611; x_wconf 88' lang='lat' dir='ltr'><strong>transmissas,</strong></span> <span class='ocrx_word' id='word_1_67' title='bbox 1568 1543 1636 1616; x_wconf 91' lang='lat' dir='ltr'><strong>que</strong></span> 
     </span>
     <span class='ocr_line' id='line_1_9' title="bbox 228 1640 1635 1738; baseline 0.006 -29"><span class='ocrx_word' id='word_1_68' title='bbox 228 1659 336 1734; x_wconf 90' lang='lat' dir='ltr'><strong>penes</strong></span> <span class='ocrx_word' id='word_1_69' title='bbox 350 1640 463 1735; x_wconf 90' lang='lat' dir='ltr'><strong>ipsum</strong></span> <span class='ocrx_word' id='word_1_70' title='bbox 485 1642 627 1714; x_wconf 83' lang='lat' dir='ltr'><strong>fratrem</strong></span> <span class='ocrx_word' id='word_1_71' title='bbox 639 1643 1063 1716; x_wconf 75' lang='lat' dir='ltr'><strong>Benedictum&#39;remanere</strong></span> <span class='ocrx_word' id='word_1_72' title='bbox 1079 1643 1268 1732; x_wconf 86' lang='lat' dir='ltr'><strong>debebant,</strong></span> <span class='ocrx_word' id='word_1_73' title='bbox 1286 1643 1333 1715; x_wconf 92' lang='lat' dir='ltr'><strong>ad</strong></span> <span class='ocrx_word' id='word_1_74' title='bbox 1348 1665 1436 1738; x_wconf 92' lang='lat' dir='ltr'><strong>opus</strong></span> <span class='ocrx_word' id='word_1_75' title='bbox 1453 1652 1489 1715; x_wconf 92' lang='lat' dir='ltr'><strong>et</strong></span> <span class='ocrx_word' id='word_1_76' title='bbox 1505 1645 1635 1718; x_wconf 86' lang='lat' dir='ltr'><strong>utilita-</strong></span> 
     </span>
     <span class='ocr_line' id='line_1_10' title="bbox 229 1765 1636 1863; baseline 0.004 -25"><span class='ocrx_word' id='word_1_77' title='bbox 229 1771 298 1833; x_wconf 78' lang='lat' dir='ltr'><strong>tem</strong></span> <span class='ocrx_word' id='word_1_78' title='bbox 316 1765 400 1839; x_wconf 91' lang='lat' dir='ltr'><strong>dicti</strong></span> <span class='ocrx_word' id='word_1_79' title='bbox 421 1779 614 1839; x_wconf 89' lang='lat' dir='ltr'><strong>conventus</strong></span> <span class='ocrx_word' id='word_1_80' title='bbox 629 1787 693 1863; x_wconf 95' lang='lat' dir='ltr'><strong>per</strong></span> <span class='ocrx_word' id='word_1_81' title='bbox 707 1789 832 1840; x_wconf 90' lang='lat' dir='ltr'><strong>manus</strong></span> <span class='ocrx_word' id='word_1_82' title='bbox 835 1819 1087 1839; x_wconf 91' lang='grc'><strong>.......</strong></span> <span class='ocrx_word' id='word_1_83' title='bbox 1115 1765 1282 1838; x_wconf 81' lang='lat' dir='ltr'><strong>lobannis</strong></span> <span class='ocrx_word' id='word_1_84' title='bbox 1297 1768 1422 1839; x_wconf 90' lang='lat' dir='ltr'><strong>notarii</strong></span> <span class='ocrx_word' id='word_1_85' title='bbox 1444 1766 1480 1836; x_wconf 94' lang='lat' dir='ltr'><strong>in</strong></span> <span class='ocrx_word' id='word_1_86' title='bbox 1497 1770 1636 1862; x_wconf 87' lang='lat' dir='ltr'><strong>publica</strong></span> 
     </span>
     <span class='ocr_line' id='line_1_11' title="bbox 227 1891 1635 1987; baseline -0.001 -20"><span class='ocrx_word' id='word_1_87' title='bbox 227 1895 379 1967; x_wconf 82' lang='lat' dir='ltr'><strong>lacerem</strong></span> <span class='ocrx_word' id='word_1_88' title='bbox 397 1892 604 1964; x_wconf 86' lang='lat' dir='ltr'><strong>documenta</strong></span> <span class='ocrx_word' id='word_1_89' title='bbox 617 1892 806 1963; x_wconf 78' lang='lat' dir='ltr'><strong>transferri.</strong></span> <span class='ocrx_word' id='word_1_90' title='bbox 823 1891 928 1984; x_wconf 86' lang='lat' dir='ltr'><strong>Cujus</strong></span> <span class='ocrx_word' id='word_1_91' title='bbox 941 1912 1062 1987; x_wconf 91' lang='lat' dir='ltr'><strong>preces</strong></span> <span class='ocrx_word' id='word_1_92' title='bbox 1070 1900 1192 1985; x_wconf 88' lang='lat' dir='ltr'><strong>utpote</strong></span> <span class='ocrx_word' id='word_1_93' title='bbox 1198 1891 1309 1982; x_wconf 87' lang='lat' dir='ltr'><strong>justas</strong></span> <span class='ocrx_word' id='word_1_94' title='bbox 1318 1892 1557 1987; x_wconf 89' lang='lat' dir='ltr'><strong>admittentes,</strong></span> <span class='ocrx_word' id='word_1_95' title='bbox 1569 1915 1635 1986; x_wconf 78' lang='lat' dir='ltr'><strong>ego</strong></span> 
     </span>
     <span class='ocr_line' id='line_1_12' title="bbox 226 2013 1635 2115; baseline -0.001 -25"><span class='ocrx_word' id='word_1_96' title='bbox 226 2017 403 2114; x_wconf 91' lang='lat' dir='ltr'><strong>predictus</strong></span> <span class='ocrx_word' id='word_1_97' title='bbox 430 2013 543 2108; x_wconf 82' lang='lat' dir='ltr'><strong>judex</strong></span> <span class='ocrx_word' id='word_1_98' title='bbox 563 2014 696 2086; x_wconf 89' lang='lat' dir='ltr'><strong>litteras</strong></span> <span class='ocrx_word' id='word_1_99' title='bbox 713 2013 805 2110; x_wconf 88' lang='lat' dir='ltr'><strong>ipsas</strong></span> <span class='ocrx_word' id='word_1_100' title='bbox 829 2013 912 2086; x_wconf 92' lang='lat' dir='ltr'><strong>mihi</strong></span> <span class='ocrx_word' id='word_1_101' title='bbox 938 2024 973 2086; x_wconf 92' lang='lat' dir='ltr'><strong>et</strong></span> <span class='ocrx_word' id='word_1_102' title='bbox 990 2014 1146 2110; x_wconf 91' lang='lat' dir='ltr'><strong>predicto</strong></span> <span class='ocrx_word' id='word_1_103' title='bbox 1161 2014 1310 2087; x_wconf 80' lang='lat' dir='ltr'><strong>Iohanni</strong></span> <span class='ocrx_word' id='word_1_104' title='bbox 1326 2017 1461 2090; x_wconf 91' lang='lat' dir='ltr'><strong>notario</strong></span> <span class='ocrx_word' id='word_1_105' title='bbox 1477 2039 1541 2113; x_wconf 86' lang='lat' dir='ltr'><strong>per</strong></span> <span class='ocrx_word' id='word_1_106' title='bbox 1557 2037 1635 2115; x_wconf 92' lang='lat' dir='ltr'><strong>pre·</strong></span> 
     </span>
     <span class='ocr_line' id='line_1_13' title="bbox 226 2137 1634 2234; baseline 0.001 -21"><span class='ocrx_word' id='word_1_107' title='bbox 226 2143 335 2213; x_wconf 83' lang='lat' dir='ltr'><strong>latum</strong></span> <span class='ocrx_word' id='word_1_108' title='bbox 356 2142 497 2211; x_wconf 85' lang='lat' dir='ltr'><strong>tratrem</strong></span> <span class='ocrx_word' id='word_1_109' title='bbox 521 2137 746 2209; x_wconf 91' lang='lat' dir='ltr'><strong>Benedictum</strong></span> <span class='ocrx_word' id='word_1_110' title='bbox 767 2145 999 2234; x_wconf 83' lang='lat' dir='ltr'><strong>presentatus,</strong></span> <span class='ocrx_word' id='word_1_111' title='bbox 1019 2138 1239 2232; x_wconf 85' lang='lat' dir='ltr'><strong>presentibus</strong></span> <span class='ocrx_word' id='word_1_112' title='bbox 1257 2148 1292 2210; x_wconf 91' lang='lat' dir='ltr'><strong>et</strong></span> <span class='ocrx_word' id='word_1_113' title='bbox 1309 2139 1355 2211; x_wconf 93' lang='lat' dir='ltr'><strong>ad</strong></span> <span class='ocrx_word' id='word_1_114' title='bbox 1368 2137 1436 2212; x_wconf 94' lang='lat' dir='ltr'><strong>hoc</strong></span> <span class='ocrx_word' id='word_1_115' title='bbox 1449 2143 1581 2214; x_wconf 90' lang='lat' dir='ltr'><strong>vocatis</strong></span> <span class='ocrx_word' id='word_1_116' title='bbox 1598 2153 1634 2215; x_wconf 94' lang='lat' dir='ltr'><strong>et</strong></span> 
     </span>
     <span class='ocr_line' id='line_1_14' title="bbox 226 2261 1633 2356; baseline 0.004 -22"><span class='ocrx_word' id='word_1_117' title='bbox 226 2264 354 2356; x_wconf 83' lang='lat' dir='ltr'><strong>rogatis</strong></span> <span class='ocrx_word' id='word_1_118' title='bbox 375 2262 520 2335; x_wconf 90' lang='lat' dir='ltr'><strong>testibus</strong></span> <span class='ocrx_word' id='word_1_119' title='bbox 551 2261 685 2332; x_wconf 86' lang='lat' dir='ltr'><strong>notario</strong></span> <span class='ocrx_word' id='word_1_120' title='bbox 710 2261 884 2334; x_wconf 90' lang='lat' dir='ltr'><strong>Gualterio</strong></span> <span class='ocrx_word' id='word_1_121' title='bbox 912 2261 1080 2350; x_wconf 58' lang='lat' dir='ltr'><strong>mancio,</strong></span> <span class='ocrx_word' id='word_1_122' title='bbox 1109 2262 1244 2334; x_wconf 87' lang='lat' dir='ltr'><strong>notario</strong></span> <span class='ocrx_word' id='word_1_123' title='bbox 1271 2263 1417 2335; x_wconf 88' lang='lat' dir='ltr'><strong>Patricio</strong></span> <span class='ocrx_word' id='word_1_124' title='bbox 1442 2275 1478 2335; x_wconf 86' lang='lat' dir='ltr'><strong>et</strong></span> <span class='ocrx_word' id='word_1_125' title='bbox 1498 2266 1633 2340; x_wconf 63' lang='lat' dir='ltr'><strong>nobrio</strong></span> 
     </span>
     <span class='ocr_line' id='line_1_15' title="bbox 225 2384 1632 2483; baseline 0.001 -23"><span class='ocrx_word' id='word_1_126' title='bbox 225 2387 353 2460; x_wconf 84' lang='lat' dir='ltr'><strong>Iacobo</strong></span> <span class='ocrx_word' id='word_1_127' title='bbox 375 2385 608 2476; x_wconf 86' lang='lat' dir='ltr'><strong>Gnadelandi,</strong></span> <span class='ocrx_word' id='word_1_128' title='bbox 637 2384 708 2457; x_wconf 90' lang='lat' dir='ltr'><strong>vidi</strong></span> <span class='ocrx_word' id='word_1_129' title='bbox 731 2395 766 2456; x_wconf 93' lang='lat' dir='ltr'><strong>et</strong></span> <span class='ocrx_word' id='word_1_130' title='bbox 783 2386 852 2478; x_wconf 79' lang='lat' dir='ltr'><strong>legi</strong></span> <span class='ocrx_word' id='word_1_131' title='bbox 868 2395 903 2457; x_wconf 91' lang='lat' dir='ltr'><strong>et</strong></span> <span class='ocrx_word' id='word_1_132' title='bbox 918 2385 1011 2479; x_wconf 89' lang='lat' dir='ltr'><strong>ipsas</strong></span> <span class='ocrx_word' id='word_1_133' title='bbox 1030 2385 1185 2456; x_wconf 88' lang='lat' dir='ltr'><strong>exomni</strong></span> <span class='ocrx_word' id='word_1_134' title='bbox 1202 2395 1300 2480; x_wconf 90' lang='lat' dir='ltr'><strong>parte</strong></span> <span class='ocrx_word' id='word_1_135' title='bbox 1321 2387 1439 2459; x_wconf 90' lang='lat' dir='ltr'><strong>notavi</strong></span> <span class='ocrx_word' id='word_1_136' title='bbox 1463 2390 1632 2483; x_wconf 84' lang='lat' dir='ltr'><strong>perlectas</strong></span> 
     </span>
     <span class='ocr_line' id='line_1_16' title="bbox 228 2509 1628 2610; baseline 0.001 -27"><span class='ocrx_word' id='word_1_137' title='bbox 228 2522 263 2584; x_wconf 87' lang='lat' dir='ltr'><strong>et</strong></span> <span class='ocrx_word' id='word_1_138' title='bbox 282 2511 376 2583; x_wconf 93' lang='lat' dir='ltr'><strong>omni</strong></span> <span class='ocrx_word' id='word_1_139' title='bbox 387 2509 472 2582; x_wconf 88' lang='lat' dir='ltr'><strong>vitio</strong></span> <span class='ocrx_word' id='word_1_140' title='bbox 493 2519 528 2582; x_wconf 86' lang='lat' dir='ltr'><strong>et</strong></span> <span class='ocrx_word' id='word_1_141' title='bbox 545 2509 740 2604; x_wconf 89' lang='lat' dir='ltr'><strong>suspicione</strong></span> <span class='ocrx_word' id='word_1_142' title='bbox 756 2509 934 2580; x_wconf 89' lang='lat' dir='ltr'><strong>carebant.</strong></span> <span class='ocrx_word' id='word_1_143' title='bbox 950 2509 1105 2595; x_wconf 85' lang='lat' dir='ltr'><strong>Quarum</strong></span> <span class='ocrx_word' id='word_1_144' title='bbox 1124 2518 1224 2580; x_wconf 87' lang='lat' dir='ltr'><strong>tenor</strong></span> <span class='ocrx_word' id='word_1_145' title='bbox 1235 2531 1302 2610; x_wconf 90' lang='lat' dir='ltr'><strong>per</strong></span> <span class='ocrx_word' id='word_1_146' title='bbox 1319 2511 1436 2582; x_wconf 91' lang='lat' dir='ltr'><strong>omnia</strong></span> <span class='ocrx_word' id='word_1_147' title='bbox 1452 2511 1529 2583; x_wconf 86' lang='lat' dir='ltr'><strong>talis</strong></span> <span class='ocrx_word' id='word_1_148' title='bbox 1545 2522 1599 2584; x_wconf 89' lang='lat' dir='ltr'><strong>est</strong></span> <span class='ocrx_word' id='word_1_149' title='bbox 1619 2543 1628 2585; x_wconf 73' lang='grc' dir='ltr'><strong>ε</strong></span> 
     </span>
    </p>

    <p class='ocr_par' dir='ltr' id='par_1_3' title="bbox 227 2631 1631 2850">
     <span class='ocr_line' id='line_1_17' title="bbox 274 2631 1631 2727; baseline 0.001 -21"><span class='ocrx_word' id='word_1_150' title='bbox 274 2634 477 2707; x_wconf 86' lang='lat' dir='ltr'><strong>Fredericus</strong></span> <span class='ocrx_word' id='word_1_151' title='bbox 491 2633 555 2706; x_wconf 89' lang='lat' dir='ltr'><strong>Dei</strong></span> <span class='ocrx_word' id='word_1_152' title='bbox 572 2632 683 2725; x_wconf 81' lang='lat' dir='ltr'><strong>gratia</strong></span> <span class='ocrx_word' id='word_1_153' title='bbox 697 2633 931 2704; x_wconf 85' lang='lat' dir='ltr'><strong>Romanomm</strong></span> <span class='ocrx_word' id='word_1_154' title='bbox 945 2631 1133 2727; x_wconf 91' lang='lat' dir='ltr'><strong>imperator</strong></span> <span class='ocrx_word' id='word_1_155' title='bbox 1142 2654 1281 2727; x_wconf 91' lang='lat' dir='ltr'><strong>semper</strong></span> <span class='ocrx_word' id='word_1_156' title='bbox 1295 2643 1476 2726; x_wconf 77' lang='lat' dir='ltr'><strong>augustus,</strong></span> <span class='ocrx_word' id='word_1_157' title='bbox 1493 2637 1631 2708; x_wconf 90' lang='lat' dir='ltr'><strong>Jerusa-</strong></span> 
     </span>
     <span class='ocr_line' id='line_1_18' title="bbox 227 2747 1630 2850; baseline 0.004 -22"><span class='ocrx_word' id='word_1_158' title='bbox 227 2759 293 2830; x_wconf 95' lang='lat' dir='ltr'><strong>lem</strong></span> <span class='ocrx_word' id='word_1_159' title='bbox 311 2768 347 2830; x_wconf 92' lang='lat' dir='ltr'><strong>et</strong></span> <span class='ocrx_word' id='word_1_160' title='bbox 359 2757 473 2829; x_wconf 89' lang='lat' dir='ltr'><strong>Sicilie</strong></span> <span class='ocrx_word' id='word_1_161' title='bbox 487 2779 565 2847; x_wconf 71' lang='lat' dir='ltr'><strong>ren,</strong></span> <span class='ocrx_word' id='word_1_162' title='bbox 585 2747 682 2828; x_wconf 76' lang='lat' dir='ltr'><strong>lrat&#39;ri</strong></span> <span class='ocrx_word' id='word_1_163' title='bbox 694 2756 882 2828; x_wconf 82' lang='lat' dir='ltr'><strong>Benedicta</strong></span> <span class='ocrx_word' id='word_1_164' title='bbox 896 2757 1110 2850; x_wconf 90' lang='lat' dir='ltr'><strong>procuratori</strong></span> <span class='ocrx_word' id='word_1_165' title='bbox 1118 2757 1290 2829; x_wconf 91' lang='lat' dir='ltr'><strong>bonorum</strong></span> <span class='ocrx_word' id='word_1_166' title='bbox 1302 2758 1479 2850; x_wconf 90' lang='lat' dir='ltr'><strong>quondam</strong></span> <span class='ocrx_word' id='word_1_167' title='bbox 1487 2761 1577 2832; x_wconf 89' lang='lat' dir='ltr'><strong>Petri</strong></span> <span class='ocrx_word' id='word_1_168' title='bbox 1586 2761 1630 2833; x_wconf 93' lang='lat' dir='ltr'><strong>de</strong></span> 
     </span>
    </p>
   </div>
   <div class='ocr_carea' id='block_1_3' title="bbox 227 2863 1794 2984">
    <p class='ocr_par' dir='ltr' id='par_1_4' title="bbox 227 2863 1794 2984">
     <span class='ocr_line' id='line_1_19' title="bbox 227 2863 1794 2984; baseline 0 -31"><span class='ocrx_word' id='word_1_169' title='bbox 227 2881 332 2953; x_wconf 88' lang='lat' dir='ltr'><strong>Vinea</strong></span> <span class='ocrx_word' id='word_1_170' title='bbox 348 2879 547 2976; x_wconf 90' lang='lat' dir='ltr'><strong>proditoris,</strong></span> <span class='ocrx_word' id='word_1_171' title='bbox 566 2879 661 2952; x_wconf 87' lang='lat' dir='ltr'><strong>fideli</strong></span> <span class='ocrx_word' id='word_1_172' title='bbox 678 2901 754 2970; x_wconf 86' lang='lat' dir='ltr'><strong>suo,</strong></span> <span class='ocrx_word' id='word_1_173' title='bbox 769 2881 915 2972; x_wconf 79' lang='lat' dir='ltr'><strong>gratiam</strong></span> <span class='ocrx_word' id='word_1_174' title='bbox 924 2901 1023 2951; x_wconf 88' lang='lat' dir='ltr'><strong>suam</strong></span> <span class='ocrx_word' id='word_1_175' title='bbox 1032 2890 1068 2951; x_wconf 92' lang='lat' dir='ltr'><strong>et</strong></span> <span class='ocrx_word' id='word_1_176' title='bbox 1077 2881 1206 2953; x_wconf 91' lang='lat' dir='ltr'><strong>bonam</strong></span> <span class='ocrx_word' id='word_1_177' title='bbox 1214 2882 1443 2984; x_wconf 81' lang='lat' dir='ltr'><strong>voluntatem</strong></span> <span class='ocrx_word' id='word_1_178' title='bbox 1454 2881 1519 2956; x_wconf 90' lang='lat' dir='ltr'><strong>Pro</strong></span> <span class='ocrx_word' id='word_1_179' title='bbox 1532 2894 1630 2979; x_wconf 86' lang='lat' dir='ltr'><strong>parte</strong></span> <span class='ocrx_word' id='word_1_180' title='bbox 1722 2863 1725 2872; x_wconf 62' lang='grc'>’</span> <span class='ocrx_word' id='word_1_181' title='bbox 1750 2914 1752 2918; x_wconf 46' lang='lat'><em>⁴</em></span> <span class='ocrx_word' id='word_1_182' title='bbox 1773 2895 1794 2906; x_wconf 76' lang='lat'><strong>·&#39;</strong></span> 
     </span>
    </p>
   </div>
   <div class='ocr_carea' id='block_1_4' title="bbox 221 3005 1630 4835">
    <p class='ocr_par' dir='ltr' id='par_1_5' title="bbox 221 3005 1630 4842">
     <span class='ocr_line' id='line_1_20' title="bbox 226 3005 1628 3081; baseline 0.004 -5"><span class='ocrx_word' id='word_1_183' title='bbox 226 3006 434 3078; x_wconf 77' lang='lat' dir='ltr'><strong>uenerabilis</strong></span> <span class='ocrx_word' id='word_1_184' title='bbox 455 3015 647 3077; x_wconf 88' lang='lat' dir='ltr'><strong>conventus</strong></span> <span class='ocrx_word' id='word_1_185' title='bbox 671 3005 870 3078; x_wconf 90' lang='lat' dir='ltr'><strong>monasterii</strong></span> <span class='ocrx_word' id='word_1_186' title='bbox 886 3005 1079 3077; x_wconf 88' lang='lat' dir='ltr'><strong>Casinensis</strong></span> <span class='ocrx_word' id='word_1_187' title='bbox 1098 3015 1295 3078; x_wconf 89' lang='lat' dir='ltr'><strong>nostrorum</strong></span> <span class='ocrx_word' id='word_1_188' title='bbox 1310 3005 1464 3080; x_wconf 87' lang='lat' dir='ltr'><strong>fidelium</strong></span> <span class='ocrx_word' id='word_1_189' title='bbox 1481 3009 1545 3080; x_wconf 81' lang='lat' dir='ltr'><strong>tuit</strong></span> <span class='ocrx_word' id='word_1_190' title='bbox 1561 3031 1628 3081; x_wconf 93' lang='lat' dir='ltr'><strong>nu·</strong></span> 
     </span>
     <span class='ocr_line' id='line_1_21' title="bbox 226 3129 1630 3226; baseline 0.004 -26"><span class='ocrx_word' id='word_1_191' title='bbox 226 3151 287 3226; x_wconf 93' lang='lat' dir='ltr'><strong>per</strong></span> <span class='ocrx_word' id='word_1_192' title='bbox 303 3129 499 3225; x_wconf 86' lang='lat' dir='ltr'><strong>expositum</strong></span> <span class='ocrx_word' id='word_1_193' title='bbox 514 3151 630 3201; x_wconf 92' lang='lat' dir='ltr'><strong>coram</strong></span> <span class='ocrx_word' id='word_1_194' title='bbox 644 3129 744 3201; x_wconf 89' lang='lat' dir='ltr'><strong>nobis</strong></span> <span class='ocrx_word' id='word_1_195' title='bbox 754 3130 847 3222; x_wconf 90' lang='lat' dir='ltr'><strong>quod</strong></span> <span class='ocrx_word' id='word_1_196' title='bbox 862 3151 941 3201; x_wconf 94' lang='lat' dir='ltr'><strong>cum</strong></span> <span class='ocrx_word' id='word_1_197' title='bbox 958 3130 1005 3202; x_wconf 91' lang='lat' dir='ltr'><strong>ad</strong></span> <span class='ocrx_word' id='word_1_198' title='bbox 1020 3131 1307 3226; x_wconf 91' lang='lat' dir='ltr'><strong>supplicationem</strong></span> <span class='ocrx_word' id='word_1_199' title='bbox 1318 3131 1482 3203; x_wconf 90' lang='lat' dir='ltr'><strong>Gualterii</strong></span> <span class='ocrx_word' id='word_1_200' title='bbox 1494 3133 1630 3205; x_wconf 90' lang='lat' dir='ltr'><strong>comitis</strong></span> 
     </span>
     <span class='ocr_line' id='line_1_22' title="bbox 225 3251 1628 3349; baseline 0.004 -23"><span class='ocrx_word' id='word_1_201' title='bbox 225 3253 449 3349; x_wconf 80' lang='lat' dir='ltr'><strong>blanuppelli‚</strong></span> <span class='ocrx_word' id='word_1_202' title='bbox 475 3253 590 3325; x_wconf 91' lang='lat' dir='ltr'><strong>dilecti</strong></span> <span class='ocrx_word' id='word_1_203' title='bbox 608 3251 722 3326; x_wconf 84' lang='lat' dir='ltr'><strong>fidelis</strong></span> <span class='ocrx_word' id='word_1_204' title='bbox 736 3254 862 3344; x_wconf 88' lang='lat' dir='ltr'><strong>nostri,</strong></span> <span class='ocrx_word' id='word_1_205' title='bbox 879 3253 1022 3327; x_wconf 92' lang='lat' dir='ltr'><strong>Nicolao</strong></span> <span class='ocrx_word' id='word_1_206' title='bbox 1043 3255 1170 3327; x_wconf 80' lang='lat' dir='ltr'><strong>aufuto</strong></span> <span class='ocrx_word' id='word_1_207' title='bbox 1185 3253 1318 3326; x_wconf 89' lang='lat' dir='ltr'><strong>dudum</strong></span> <span class='ocrx_word' id='word_1_208' title='bbox 1331 3257 1495 3348; x_wconf 80' lang='lat' dir='ltr'><strong>magistro</strong></span> <span class='ocrx_word' id='word_1_209' title='bbox 1512 3279 1628 3331; x_wconf 91' lang='lat' dir='ltr'><strong>came·</strong></span> 
     </span>
     <span class='ocr_line' id='line_1_23' title="bbox 226 3376 1629 3472; baseline 0.004 -25"><span class='ocrx_word' id='word_1_210' title='bbox 226 3376 316 3448; x_wconf 90' lang='lat' dir='ltr'><strong>rario</strong></span> <span class='ocrx_word' id='word_1_211' title='bbox 338 3376 552 3471; x_wconf 89' lang='lat' dir='ltr'><strong>Principatus</strong></span> <span class='ocrx_word' id='word_1_212' title='bbox 574 3386 610 3448; x_wconf 91' lang='lat' dir='ltr'><strong>et</strong></span> <span class='ocrx_word' id='word_1_213' title='bbox 625 3377 729 3450; x_wconf 86' lang='lat' dir='ltr'><strong>Terre</strong></span> <span class='ocrx_word' id='word_1_214' title='bbox 751 3376 893 3449; x_wconf 84' lang='lat' dir='ltr'><strong>laboris</strong></span> <span class='ocrx_word' id='word_1_215' title='bbox 916 3376 981 3448; x_wconf 83' lang='lat' dir='ltr'><strong>luit</strong></span> <span class='ocrx_word' id='word_1_216' title='bbox 998 3399 1062 3472; x_wconf 92' lang='lat' dir='ltr'><strong>per</strong></span> <span class='ocrx_word' id='word_1_217' title='bbox 1077 3377 1210 3450; x_wconf 87' lang='lat' dir='ltr'><strong>litteras</strong></span> <span class='ocrx_word' id='word_1_218' title='bbox 1224 3388 1360 3450; x_wconf 89' lang='lat' dir='ltr'><strong>nostras</strong></span> <span class='ocrx_word' id='word_1_219' title='bbox 1376 3378 1567 3472; x_wconf 91' lang='lat' dir='ltr'><strong>injunctum</strong></span> <span class='ocrx_word' id='word_1_220' title='bbox 1590 3390 1629 3453; x_wconf 89' lang='lat' dir='ltr'><strong>ut</strong></span> 
     </span>
     <span class='ocr_line' id='line_1_24' title="bbox 225 3499 1628 3595; baseline 0.006 -25"><span class='ocrx_word' id='word_1_221' title='bbox 225 3501 514 3594; x_wconf 87' lang='lat' dir='ltr'><strong>permutationem</strong></span> <span class='ocrx_word' id='word_1_222' title='bbox 537 3499 719 3592; x_wconf 88' lang='lat' dir='ltr'><strong>cujusdam</strong></span> <span class='ocrx_word' id='word_1_223' title='bbox 745 3499 869 3572; x_wconf 91' lang='lat' dir='ltr'><strong>domus</strong></span> <span class='ocrx_word' id='word_1_224' title='bbox 893 3501 1001 3595; x_wconf 87' lang='lat' dir='ltr'><strong>ipsius</strong></span> <span class='ocrx_word' id='word_1_225' title='bbox 1024 3501 1160 3574; x_wconf 88' lang='lat' dir='ltr'><strong>comitis</strong></span> <span class='ocrx_word' id='word_1_226' title='bbox 1175 3501 1240 3574; x_wconf 89' lang='lat' dir='ltr'><strong>site</strong></span> <span class='ocrx_word' id='word_1_227' title='bbox 1257 3501 1293 3572; x_wconf 92' lang='lat' dir='ltr'><strong>in</strong></span> <span class='ocrx_word' id='word_1_228' title='bbox 1308 3503 1434 3574; x_wconf 91' lang='lat' dir='ltr'><strong>Sancto</strong></span> <span class='ocrx_word' id='word_1_229' title='bbox 1457 3504 1628 3579; x_wconf 90' lang='lat' dir='ltr'><strong>Germano</strong></span> 
     </span>
     <span class='ocr_line' id='line_1_25' title="bbox 224 3618 1630 3722; baseline 0.004 -28"><span class='ocrx_word' id='word_1_230' title='bbox 224 3618 350 3696; x_wconf 82' lang='lat' dir='ltr'><strong>laetam</strong></span> <span class='ocrx_word' id='word_1_231' title='bbox 367 3646 445 3695; x_wconf 93' lang='lat' dir='ltr'><strong>cum</strong></span> <span class='ocrx_word' id='word_1_232' title='bbox 459 3623 611 3719; x_wconf 90' lang='lat' dir='ltr'><strong>quadam</strong></span> <span class='ocrx_word' id='word_1_233' title='bbox 624 3623 717 3720; x_wconf 88' lang='lat' dir='ltr'><strong>petia</strong></span> <span class='ocrx_word' id='word_1_234' title='bbox 733 3633 823 3694; x_wconf 89' lang='lat' dir='ltr'><strong>terre</strong></span> <span class='ocrx_word' id='word_1_235' title='bbox 839 3623 905 3695; x_wconf 86' lang='lat' dir='ltr'><strong>sita</strong></span> <span class='ocrx_word' id='word_1_236' title='bbox 921 3624 956 3694; x_wconf 90' lang='lat' dir='ltr'><strong>in</strong></span> <span class='ocrx_word' id='word_1_237' title='bbox 975 3625 1191 3720; x_wconf 89' lang='lat' dir='ltr'><strong>pertinentiis</strong></span> <span class='ocrx_word' id='word_1_238' title='bbox 1207 3626 1323 3721; x_wconf 82' lang='lat' dir='ltr'><strong>Capua</strong></span> <span class='ocrx_word' id='word_1_239' title='bbox 1337 3625 1372 3696; x_wconf 92' lang='lat' dir='ltr'><strong>in</strong></span> <span class='ocrx_word' id='word_1_240' title='bbox 1387 3627 1463 3700; x_wconf 89' lang='lat' dir='ltr'><strong>loco</strong></span> <span class='ocrx_word' id='word_1_241' title='bbox 1474 3629 1535 3722; x_wconf 92' lang='lat' dir='ltr'><strong>qui</strong></span> <span class='ocrx_word' id='word_1_242' title='bbox 1545 3627 1630 3701; x_wconf 89' lang='lat' dir='ltr'><strong>dici·</strong></span> 
     </span>
     <span class='ocr_line' id='line_1_26' title="bbox 226 3747 1629 3844; baseline 0.004 -26"><span class='ocrx_word' id='word_1_243' title='bbox 226 3758 282 3819; x_wconf 91' lang='lat' dir='ltr'><strong>tur</strong></span> <span class='ocrx_word' id='word_1_244' title='bbox 305 3749 450 3820; x_wconf 88' lang='lat' dir='ltr'><strong>Sanctus</strong></span> <span class='ocrx_word' id='word_1_245' title='bbox 478 3747 699 3841; x_wconf 86' lang='lat' dir='ltr'><strong>Pancratius,</strong></span> <span class='ocrx_word' id='word_1_246' title='bbox 732 3769 837 3841; x_wconf 90' lang='lat' dir='ltr'><strong>quam</strong></span> <span class='ocrx_word' id='word_1_247' title='bbox 868 3749 1114 3820; x_wconf 88' lang='lat' dir='ltr'><strong>monasterium</strong></span> <span class='ocrx_word' id='word_1_248' title='bbox 1141 3749 1253 3843; x_wconf 92' lang='lat' dir='ltr'><strong>ipsum</strong></span> <span class='ocrx_word' id='word_1_249' title='bbox 1284 3749 1440 3844; x_wconf 90' lang='lat' dir='ltr'><strong>predicto</strong></span> <span class='ocrx_word' id='word_1_250' title='bbox 1462 3750 1629 3844; x_wconf 90' lang='lat' dir='ltr'><strong>proditori</strong></span> 
     </span>
     <span class='ocr_line' id='line_1_27' title="bbox 223 3871 1629 3968; baseline 0.003 -25"><span class='ocrx_word' id='word_1_251' title='bbox 223 3881 342 3944; x_wconf 87' lang='lat' dir='ltr'><strong>nostro</strong></span> <span class='ocrx_word' id='word_1_252' title='bbox 367 3882 604 3963; x_wconf 84' lang='lat' dir='ltr'><strong>concesserat,</strong></span> <span class='ocrx_word' id='word_1_253' title='bbox 629 3893 795 3944; x_wconf 91' lang='lat' dir='ltr'><strong>revocare</strong></span> <span class='ocrx_word' id='word_1_254' title='bbox 813 3871 971 3962; x_wconf 88' lang='lat' dir='ltr'><strong>deberet,</strong></span> <span class='ocrx_word' id='word_1_255' title='bbox 993 3893 1035 3945; x_wconf 90' lang='lat' dir='ltr'><strong>ac</strong></span> <span class='ocrx_word' id='word_1_256' title='bbox 1054 3871 1146 3944; x_wconf 93' lang='lat' dir='ltr'><strong>idem</strong></span> <span class='ocrx_word' id='word_1_257' title='bbox 1160 3872 1322 3945; x_wconf 89' lang='lat' dir='ltr'><strong>Nicolaus</strong></span> <span class='ocrx_word' id='word_1_258' title='bbox 1343 3873 1435 3946; x_wconf 88' lang='lat' dir='ltr'><strong>dicta</strong></span> <span class='ocrx_word' id='word_1_259' title='bbox 1453 3884 1629 3968; x_wconf 87' lang='lat' dir='ltr'><strong>permuta-</strong></span> 
     </span>
     <span class='ocr_line' id='line_1_28' title="bbox 224 3993 1629 4092; baseline 0.006 -28"><span class='ocrx_word' id='word_1_260' title='bbox 224 3993 318 4065; x_wconf 88' lang='lat' dir='ltr'><strong>tione</strong></span> <span class='ocrx_word' id='word_1_261' title='bbox 333 3994 478 4066; x_wconf 89' lang='lat' dir='ltr'><strong>rescissa</strong></span> <span class='ocrx_word' id='word_1_262' title='bbox 493 3995 694 4068; x_wconf 86' lang='lat' dir='ltr'><strong>mandatum</strong></span> <span class='ocrx_word' id='word_1_263' title='bbox 711 4005 869 4068; x_wconf 87' lang='lat' dir='ltr'><strong>nostrum</strong></span> <span class='ocrx_word' id='word_1_264' title='bbox 885 4018 989 4092; x_wconf 87' lang='lat' dir='ltr'><strong>super</strong></span> <span class='ocrx_word' id='word_1_265' title='bbox 1009 3995 1077 4068; x_wconf 93' lang='lat' dir='ltr'><strong>hoc</strong></span> <span class='ocrx_word' id='word_1_266' title='bbox 1095 3995 1281 4068; x_wconf 87' lang='lat' dir='ltr'><strong>efficaciter</strong></span> <span class='ocrx_word' id='word_1_267' title='bbox 1296 3997 1362 4067; x_wconf 87' lang='lat' dir='ltr'><strong>luit</strong></span> <span class='ocrx_word' id='word_1_268' title='bbox 1382 4009 1564 4088; x_wconf 84' lang='lat' dir='ltr'><strong>executus,</strong></span> <span class='ocrx_word' id='word_1_269' title='bbox 1593 4007 1629 4072; x_wconf 84' lang='lat' dir='ltr'><strong>et</strong></span> 
     </span>
     <span class='ocr_line' id='line_1_29' title="bbox 224 4115 1628 4214; baseline 0.004 -26"><span class='ocrx_word' id='word_1_270' title='bbox 224 4115 330 4189; x_wconf 89' lang='lat' dir='ltr'><strong>domo</strong></span> <span class='ocrx_word' id='word_1_271' title='bbox 356 4117 431 4212; x_wconf 89' lang='lat' dir='ltr'><strong>ipsa</strong></span> <span class='ocrx_word' id='word_1_272' title='bbox 457 4119 592 4214; x_wconf 79' lang='lat' dir='ltr'><strong>prelato</strong></span> <span class='ocrx_word' id='word_1_273' title='bbox 610 4119 727 4190; x_wconf 92' lang='lat' dir='ltr'><strong>comiti</strong></span> <span class='ocrx_word' id='word_1_274' title='bbox 743 4129 779 4192; x_wconf 88' lang='lat' dir='ltr'><strong>et</strong></span> <span class='ocrx_word' id='word_1_275' title='bbox 799 4119 953 4214; x_wconf 91' lang='lat' dir='ltr'><strong>predicta</strong></span> <span class='ocrx_word' id='word_1_276' title='bbox 973 4120 1065 4214; x_wconf 88' lang='lat' dir='ltr'><strong>petia</strong></span> <span class='ocrx_word' id='word_1_277' title='bbox 1088 4131 1178 4191; x_wconf 87' lang='lat' dir='ltr'><strong>terre</strong></span> <span class='ocrx_word' id='word_1_278' title='bbox 1205 4128 1396 4191; x_wconf 89' lang='lat' dir='ltr'><strong>memorato</strong></span> <span class='ocrx_word' id='word_1_279' title='bbox 1420 4121 1628 4193; x_wconf 88' lang='lat' dir='ltr'><strong>monasterio</strong></span> 
     </span>
     <span class='ocr_line' id='line_1_30' title="bbox 223 4239 1624 4337; baseline 0.003 -26"><span class='ocrx_word' id='word_1_280' title='bbox 223 4239 428 4332; x_wconf 80' lang='lat' dir='ltr'><strong>resignatis,</strong></span> <span class='ocrx_word' id='word_1_281' title='bbox 442 4252 545 4336; x_wconf 89' lang='lat' dir='ltr'><strong>prout</strong></span> <span class='ocrx_word' id='word_1_282' title='bbox 557 4241 593 4313; x_wconf 94' lang='lat' dir='ltr'><strong>in</strong></span> <span class='ocrx_word' id='word_1_283' title='bbox 607 4243 836 4314; x_wconf 89' lang='lat' dir='ltr'><strong>instrumento</strong></span> <span class='ocrx_word' id='word_1_284' title='bbox 850 4241 932 4315; x_wconf 89' lang='lat' dir='ltr'><strong>inde</strong></span> <span class='ocrx_word' id='word_1_285' title='bbox 946 4243 1104 4314; x_wconf 84' lang='lat' dir='ltr'><strong>conlecto</strong></span> <span class='ocrx_word' id='word_1_286' title='bbox 1117 4241 1255 4337; x_wconf 89' lang='lat' dir='ltr'><strong>plenius</strong></span> <span class='ocrx_word' id='word_1_287' title='bbox 1265 4253 1424 4314; x_wconf 88' lang='lat' dir='ltr'><strong>asserunt</strong></span> <span class='ocrx_word' id='word_1_288' title='bbox 1438 4242 1624 4336; x_wconf 87' lang='lat' dir='ltr'><strong>contineri,</strong></span> 
     </span>
     <span class='ocr_line' id='line_1_31' title="bbox 224 4365 1627 4463; baseline 0.004 -28"><span class='ocrx_word' id='word_1_289' title='bbox 224 4374 262 4435; x_wconf 85' lang='lat' dir='ltr'><strong>tu</strong></span> <span class='ocrx_word' id='word_1_290' title='bbox 277 4365 458 4437; x_wconf 86' lang='lat' dir='ltr'><strong>occasione</strong></span> <span class='ocrx_word' id='word_1_291' title='bbox 474 4375 632 4460; x_wconf 85' lang='lat' dir='ltr'><strong>pretenta</strong></span> <span class='ocrx_word' id='word_1_292' title='bbox 650 4367 745 4461; x_wconf 85' lang='lat' dir='ltr'><strong>quod</strong></span> <span class='ocrx_word' id='word_1_293' title='bbox 762 4377 887 4439; x_wconf 88' lang='lat' dir='ltr'><strong>terram</strong></span> <span class='ocrx_word' id='word_1_294' title='bbox 904 4366 1015 4463; x_wconf 91' lang='lat' dir='ltr'><strong>ipsam</strong></span> <span class='ocrx_word' id='word_1_295' title='bbox 1026 4388 1106 4438; x_wconf 92' lang='lat' dir='ltr'><strong>cum</strong></span> <span class='ocrx_word' id='word_1_296' title='bbox 1116 4365 1193 4437; x_wconf 93' lang='lat' dir='ltr'><strong>aliis</strong></span> <span class='ocrx_word' id='word_1_297' title='bbox 1213 4366 1315 4438; x_wconf 91' lang='lat' dir='ltr'><strong>bonis</strong></span> <span class='ocrx_word' id='word_1_298' title='bbox 1329 4367 1515 4462; x_wconf 88' lang='lat' dir='ltr'><strong>proditoris</strong></span> <span class='ocrx_word' id='word_1_299' title='bbox 1535 4367 1627 4460; x_wconf 87' lang='lat' dir='ltr'><strong>ejus·</strong></span> 
     </span>
     <span class='ocr_line' id='line_1_32' title="bbox 221 4486 1628 4588; baseline 0.004 -28"><span class='ocrx_word' id='word_1_300' title='bbox 221 4486 305 4560; x_wconf 88' lang='lat' dir='ltr'><strong>dem</strong></span> <span class='ocrx_word' id='word_1_301' title='bbox 321 4498 381 4560; x_wconf 90' lang='lat' dir='ltr'><strong>tue</strong></span> <span class='ocrx_word' id='word_1_302' title='bbox 394 4489 627 4584; x_wconf 90' lang='lat' dir='ltr'><strong>procurationi</strong></span> <span class='ocrx_word' id='word_1_303' title='bbox 640 4491 831 4563; x_wconf 89' lang='lat' dir='ltr'><strong>commissis</strong></span> <span class='ocrx_word' id='word_1_304' title='bbox 845 4501 879 4564; x_wconf 89' lang='lat' dir='ltr'><strong>te</strong></span> <span class='ocrx_word' id='word_1_305' title='bbox 896 4491 1021 4564; x_wconf 86' lang='lat' dir='ltr'><strong>asseris</strong></span> <span class='ocrx_word' id='word_1_306' title='bbox 1036 4490 1234 4580; x_wconf 85' lang='lat' dir='ltr'><strong>invenisse,</strong></span> <span class='ocrx_word' id='word_1_307' title='bbox 1251 4492 1498 4565; x_wconf 88' lang='lat' dir='ltr'><strong>monasterium</strong></span> <span class='ocrx_word' id='word_1_308' title='bbox 1514 4492 1628 4588; x_wconf 88' lang='lat' dir='ltr'><strong>ipsum</strong></span> 
     </span>
     <span class='ocr_line' id='line_1_33' title="bbox 223 4612 1629 4720; baseline 0.004 -37"><span class='ocrx_word' id='word_1_309' title='bbox 223 4631 328 4707; x_wconf 88' lang='lat' dir='ltr'><strong>super</strong></span> <span class='ocrx_word' id='word_1_310' title='bbox 353 4612 508 4706; x_wconf 89' lang='lat' dir='ltr'><strong>predicta</strong></span> <span class='ocrx_word' id='word_1_311' title='bbox 524 4614 617 4709; x_wconf 92' lang='lat' dir='ltr'><strong>petia</strong></span> <span class='ocrx_word' id='word_1_312' title='bbox 638 4623 728 4686; x_wconf 88' lang='lat' dir='ltr'><strong>terre</strong></span> <span class='ocrx_word' id='word_1_313' title='bbox 751 4615 904 4688; x_wconf 89' lang='lat' dir='ltr'><strong>indebite</strong></span> <span class='ocrx_word' id='word_1_314' title='bbox 927 4614 1065 4710; x_wconf 92' lang='lat' dir='ltr'><strong>impetis</strong></span> <span class='ocrx_word' id='word_1_315' title='bbox 1080 4624 1118 4686; x_wconf 93' lang='lat' dir='ltr'><strong>et</strong></span> <span class='ocrx_word' id='word_1_316' title='bbox 1132 4616 1315 4705; x_wconf 87' lang='lat' dir='ltr'><strong>molestas,</strong></span> <span class='ocrx_word' id='word_1_317' title='bbox 1337 4637 1408 4688; x_wconf 89' lang='lat' dir='ltr'><strong>non</strong></span> <span class='ocrx_word' id='word_1_318' title='bbox 1424 4616 1629 4720; x_wconf 78' lang='lat' dir='ltr'><strong>permittens</strong></span> 
     </span>
     <span class='ocr_line' id='line_1_34' title="bbox 221 4732 1627 4835; baseline 0.003 -29"><span class='ocrx_word' id='word_1_319' title='bbox 221 4733 395 4828; x_wconf 71' lang='lat' dir='ltr'><strong>prodiem</strong></span> <span class='ocrx_word' id='word_1_320' title='bbox 410 4732 531 4808; x_wconf 84' lang='lat' dir='ltr'><strong>fideles</strong></span> <span class='ocrx_word' id='word_1_321' title='bbox 544 4744 681 4810; x_wconf 88' lang='lat' dir='ltr'><strong>nostros</strong></span> <span class='ocrx_word' id='word_1_322' title='bbox 700 4746 825 4810; x_wconf 90' lang='lat' dir='ltr'><strong>terram</strong></span> <span class='ocrx_word' id='word_1_323' title='bbox 841 4736 952 4831; x_wconf 91' lang='lat' dir='ltr'><strong>ipsam</strong></span> <span class='ocrx_word' id='word_1_324' title='bbox 968 4735 1110 4832; x_wconf 88' lang='lat' dir='ltr'><strong>pacifice</strong></span> <span class='ocrx_word' id='word_1_325' title='bbox 1124 4737 1314 4831; x_wconf 89' lang='lat' dir='ltr'><strong>possidere.</strong></span> <span class='ocrx_word' id='word_1_326' title='bbox 1331 4737 1528 4833; x_wconf 88' lang='lat' dir='ltr'><strong>Superque</strong></span> <span class='ocrx_word' id='word_1_327' title='bbox 1544 4762 1627 4835; x_wconf 89' lang='lat' dir='ltr'><strong>sup·</strong></span> 
     </span>
    </p>
   </div>
   <div class='ocr_carea' id='block_1_5' title="bbox 0 0 2160 5908">
    <p class='ocr_par' dir='ltr' id='par_1_6' title="bbox 0 0 2160 5908">
     <span class='ocr_line' id='line_1_35' title="bbox 0 0 2160 5908; baseline 0 5"><span class='ocrx_word' id='word_1_328' title='bbox 0 0 2160 5908; x_wconf 95' lang='lat' dir='ltr'><strong> </strong></span> 
     </span>
    </p>
   </div>
  </div>
 </body>
</html>
