4310 5908
998 595 1212 660 rarrarucr
1236 597 1411 662 sscuvnr
1718 597 1802 678 [Αιι.
1818 597 1908 663 rate.

556 1209 772 1296 Gualterius
793 1214 842 1297 de
866 1213 1014 1324 Capua,
1039 1224 1208 1327 receptor
1237 1215 1444 1326 imperialis
1472 1217 1513 1298 in
1537 1216 1691 1324 Tuscia,
1714 1216 1763 1299 de
1786 1241 1907 1298 man-

501 1341 592 1426 dato
604 1342 783 1428 Friderici
796 1347 845 1428 de
853 1346 1051 1430 Antiochia
1063 1347 1264 1432 confitetur
1277 1350 1461 1458 recepisse
1477 1349 1721 1433 acamerario
1735 1374 1908 1432 commu-

440 1592 443 1599 Ι
500 1474 561 1558 nis
583 1477 760 1562 Senensis
782 1477 902 1564 tttt
922 1478 1040 1562 libras
1062 1482 1306 1565 denariorum
1324 1509 1395 1592 pro
1411 1483 1669 1566 aestimatione
1686 1481 1782 1565 LllX
1799 1509 1907 1565 mar-

500 1637 633 1696 carum
652 1613 798 1724 argenti
817 1639 915 1722 quas
932 1613 1078 1696 dictum
1091 1639 1294 1698 commune
1312 1613 1457 1698 solvere
1474 1624 1622 1699 tenetur
1639 1615 1850 1700 annuatim.

581 1905 705 1987 (Inedlt.
715 1924 764 1986 ep.
779 1907 894 1968 erchlv.
908 1923 1018 1970 comm.
1032 1907 1168 1988 seusun,
1182 1925 1329 1990 pergam,
1342 1915 1363 1972 t.
1380 1909 1419 1986 V,
1431 1917 1466 1970 n·
1478 1907 1562 1990 tas.)

546 2169 649 2243 Anno
664 2169 803 2243 Domini
817 2170 1000 2243 millesimo
1016 2169 1228 2262 CCXLVllll,
1247 2169 1435 2243 indictione
1451 2171 1530 2260 vlt,
1549 2170 1607 2244 die
1631 2171 1660 2243 ll
1681 2189 1791 2242 nonas
1807 2171 1901 2264 julii.

496 2295 572 2386 Ego
589 2294 752 2386 magister
765 2294 960 2366 Gualterius
975 2293 1021 2366 de
1035 2294 1165 2390 Capua,
1180 2305 1339 2391 receptor
1353 2305 1388 2367 et
1404 2305 1614 2391 expensetur
1630 2295 1778 2390 pecunie
1794 2295 1904 2391 impe·

496 2416 590 2488 rialis
613 2417 648 2487 in
668 2417 808 2507 Tuscia,
830 2417 970 2491 avobis
988 2417 1130 2490 domino
1147 2419 1344 2491 lncontrato
1366 2418 1519 2491 Tolomei
1541 2418 1730 2491 camerario
1749 2419 1905 2491 commis

497 2540 659 2613 Senensis
684 2541 832 2614 solventi
854 2543 994 2614 nomine
1015 2551 1051 2615 et
1073 2542 1150 2613 vice
1172 2541 1280 2637 ipsius
1298 2543 1477 2634 comunis,
1497 2542 1662 2637 parabola
1682 2552 1718 2614 et
1734 2564 1905 2615 consensu

496 2664 717 2737 dominorum
731 2664 877 2737 Renaldi
890 2664 1010 2757 Alexi,
1029 2665 1162 2738 Guinisi
1176 2667 1329 2737 Ventura
1347 2675 1383 2737 et
1397 2666 1564 2740 Gnidonis
1575 2667 1694 2739 Jacobi
1710 2676 1906 2760 exquatuor

496 2788 714 2885 provisorum
732 2786 814 2860 dicti
830 2788 987 2859 mmunis
1003 2798 1039 2859 et
1054 2785 1173 2860 hahita
1186 2787 1366 2860 voluntate
1383 2788 1523 2881 majoris
1534 2789 1642 2884 partis
1655 2789 1789 2861 consilii
1803 2789 1903 2861 Cam·

496 2932 609 3006 pane,
624 2913 728 3004 juxta
745 2923 946 3007 preceptum
960 2911 1089 2984 lactum
1105 2933 1169 3007 per
1184 2912 1320 2984 lieteras
1335 2911 1468 2984 domini
1479 2912 1646 3006 Friderigi
1662 2912 1707 2985 de
1721 2912 1906 2986 Antiochia

497 3035 629 3108 domini
647 3036 864 3131 imperatoris
879 3034 959 3127 lilii,
979 3036 1068 3108 sacri
1088 3036 1224 3132 imperii
1244 3035 1281 3107 in
1306 3035 1429 3108 'luscia
1451 3037 1624 3132 capitanei
1645 3037 1836 3129 generalis,
1858 3037 1905 3111 tle

497 3159 673 3233 solvendis
698 3159 803 3232 michi
825 3161 949 3233 marcis
970 3181 1057 3255 quas
1080 3181 1227 3232 comune
1247 3161 1402 3232 Senense
1424 3161 1559 3232 solvere
1581 3168 1719 3234 tenetur
1735 3161 1905 3256 imperiali

496 3266 633 3358 camere
649 3286 849 3377 annuatim,
866 3307 937 3358 non
954 3307 1016 3381 spe
1036 3285 1152 3357 future
1171 3283 1419 3356 numerationis
1434 3282 1602 3356 confiteor
1615 3285 1787 3381 recepisse
1810 3297 1846 3358 et
1867 3285 1905 3358 in

493 3409 641 3482 veritate
653 3409 759 3482 habui
776 3420 812 3482 et
825 3410 941 3506 recepi
956 3409 1055 3483 CCCL
1070 3409 1175 3481 libras
1191 3407 1415 3481 denariomm
1431 3407 1651 3500 Senensium,
1668 3431 1732 3504 pm
1748 3409 1904 3482 extima-

495 3532 589 3605 tione
611 3533 829 3628 septuaginta
848 3555 1044 3606 marcarnm
1060 3531 1195 3625 argenti
1214 3532 1261 3604 ad
1284 3532 1454 3604 rationem
1474 3541 1615 3604 centum
1633 3533 1823 3606 solidorum
1840 3555 1905 3629 pro

493 3657 649 3750 qualibet
671 3678 807 3748 marca,
837 3679 924 3752 quas
942 3657 1076 3731 dictum
1096 3678 1245 3730 comune
1266 3657 1401 3729 solvere
1418 3665 1557 3728 tenetur
1575 3656 1746 3753 imperiali
1766 3678 1904 3730 camere

492 3780 691 3873 annuatim,
718 3780 807 3852 etin
831 3780 885 3852 his
905 3782 1067 3853 renuntio
1091 3780 1290 3878 exceptioni
1314 3801 1385 3852 non
1407 3791 1587 3852 numerate
1611 3788 1647 3851 et
1670 3801 1742 3853 non
1763 3789 1904 3875 recepte

491 3907 639 4002 pecunie
665 3915 701 3977 et
721 3926 792 3978 non
816 3905 1052 3979 estimatarum
1075 3926 1272 3978 marcarum
1296 3913 1332 3977 et
1351 3904 1402 3976 rei
1422 3904 1516 3978 dicto
1537 3904 1642 3977 modo
1660 3925 1731 3978 non
1750 3915 1848 3997 geste
1868 3914 1904 3978 et

491 4031 586 4102 omni
597 4030 687 4121 juris
704 4038 740 4102 et
756 4029 841 4122 legis
856 4028 1002 4102 auxilio.
1021 4029 1147 4102 Actum
1167 4029 1278 4118 Senis,
1294 4049 1412 4101 coram
1430 4027 1573 4100 domino
1586 4026 1731 4101 Alberto
1747 4027 1900 4119 Ranerii,

492 4151 634 4226 domino
654 4150 885 4224 Bonrieovero
895 4152 1037 4244 judice,
1062 4152 1232 4227 Palmerio
1254 4151 1341 4224 Vive
1365 4161 1402 4224 et
1423 4151 1579 4226 Romano
1601 4150 1737 4225 notario
1761 4163 1797 4224 et
1825 4153 1902 4224 aliis

492 4275 637 4348 testibus
652 4275 884 4371 presentibus.

539 4399 614 4492 Ego
630 4398 780 4471 Iacobus
794 4397 971 4493 quondam
990 4398 1130 4472 Ranerii
1144 4398 1189 4472 de
1205 4397 1397 4485 Quinciarm
1412 4397 1568 4470 notarius
1582 4397 1747 4494 predictis
1763 4397 1901 4472 interitui

493 4529 529 4594 ct
546 4541 588 4594 ea
604 4531 744 4614 rogatus
757 4520 879 4617 scripsi
895 4531 931 4594 et
946 4521 1133 4617 publicavi.
