4300 5916
532 599 594 662 8¹14
1061 596 1246 660 colluunt
1270 595 1423 673 ouban!
1750 597 1832 683 [Aur.
1853 601 1938 664 1246.

463 801 471 818 ,
532 735 612 807 liter
626 755 809 808 occurrere
823 721 1023 829 cupientes,
1043 755 1160 807 aream
1174 746 1329 808 nostram
1344 733 1439 829 apud
1452 732 1630 826 antiquam
1645 743 1779 828 portam
1796 736 1941 808 civitatis

531 860 632 932 sitam
650 859 684 929 in
699 858 875 952 Augusta,
891 880 997 952 quam
1012 881 1035 932 a
1048 859 1191 933 domino
1208 859 1323 933 Ulrioo
1337 859 1382 931 de
1399 859 1519 946 Porta,
1536 854 1608 928 lilio
1625 859 1801 950 quondam
1813 861 1939 933 Ehonis

531 982 576 1055 de
591 984 713 1075 Porta,
732 1005 812 1055 cum
835 983 998 1056 omnihus
1020 984 1237 1080 pertinentiis
1258 983 1329 1054 suis
1348 981 1644 1077 comparavimus,
1660 982 1725 1054 sibi
1742 993 1778 1055 et
1791 984 1937 1075 Selindi,

530 1109 635 1184 uxori
661 1130 739 1200 sue,
768 1131 810 1182 ac
839 1110 1002 1181 omnibus
1028 1109 1219 1182 heredibus
1244 1119 1280 1180 et
1303 1106 1561 1180 successorihus
1584 1107 1755 1202 ipsorum,
1781 1121 1939 1204 presente

530 1231 672 1305 domino
695 1242 815 1304 nostro
830 1229 992 1303 Cunrado
1010 1231 1152 1322 illustri,
1170 1233 1405 1304 Romanorum
1418 1231 1455 1302 in
1471 1253 1589 1324 regem
1605 1231 1734 1322 electo,
1753 1233 1940 1309 liberaliter

530 1356 764 1428 concessimus
779 1377 859 1427 cum
873 1355 968 1426 omni
979 1357 1074 1448 jure,
1091 1355 1181 1427 siout
1197 1376 1273 1426 eam
1291 1355 1452 1444 emimus,
1470 1375 1534 1450 pro
1546 1375 1652 1426 censu
1672 1376 1789 1428 annuo
1807 1356 1941 1431 duabus

529 1480 648 1574 caligis
658 1479 823 1552 videlicet
833 1480 877 1552 de
887 1489 1020 1572 segete,
1037 1485 1125 1572 quas
1143 1480 1244 1552 nobis
1260 1479 1296 1550 in
1311 1479 1582 1572 recognitionem
1598 1480 1742 1573 singulm
1755 1481 1856 1553 annis
1871 1483 1939 1555 sol·

528 1614 632 1696 vent,
651 1625 673 1674 a
694 1603 795 1676 nobis
811 1613 845 1676 et
861 1602 1057 1700 ‚heredibus
1077 1605 1150 1676 sive
1172 1603 1296 1676 ceteris
1312 1603 1569 1676 successorihus
1585 1605 1712 1677 nostris
1731 1605 1938 1681 hereditario

524 1729 605 1820 jure
626 1737 795 1824 perpetuo
815 1728 1080 1824 possidendam
1104 1751 1146 1801 eo
1166 1727 1339 1801 duntaxat
1351 1729 1430 1821 jure
1444 1728 1545 1800 nohis
1561 1739 1596 1801 et
1611 1728 1738 1800 nostris
1753 1728 1939 1802 heredibus

527 1853 565 1924 in
589 1852 721 1948 prelata
753 1873 834 1924 area
864 1863 1059 1942 reservato,
1084 1852 1180 1947 quod
1201 1876 1265 1949 per
1292 1853 1423 1925 dietum
1452 1853 1615 1924 Ottonem
1634 1862 1669 1924 et
1688 1875 1769 1926 suos
1794 1853 1939 1927 heredes

528 1977 649 2049 vinum
663 1986 835 2065 nostrum,
854 1976 948 2070 quod
965 1977 1000 2048 in
1017 1977 1209 2069 Augustam
1236 1977 1441 2050 duxerimus
1466 1976 1782 2069 transmittendum,
1810 1977 1846 2048 in
1869 1999 1938 2050 uno

527 2099 668 2172 cellario
683 2098 840 2192 ejusdem
860 2120 942 2170 aree
966 2109 1164 2171 reservetur
1176 2121 1247 2196 qno
1263 2098 1347 2172 dum
1362 2099 1406 2172 de
1425 2099 1507 2172 vino
1523 2099 1599 2195 ipso
1615 2110 1770 2173 nostrum
1788 2122 1940 2174 commo·

528 2222 613 2294 dum
634 2222 831 2313 ordinetur;
854 2232 890 2293 et
913 2223 942 2294 si
966 2225 1194 2319 personaliter
1219 2223 1411 2317 Augustam
1435 2225 1697 2320 pervenerimus
1713 2225 1769 2296 vel
1793 2225 1939 2298 heredes

528 2346 656 2437 nostri,
685 2344 871 2442 hospitium
900 2356 1056 2419 nostrum
1085 2349 1151 2420 erit
1177 2346 1213 2418 in
1244 2349 1349 2420 domo
1371 2370 1476 2441 quam
1501 2369 1606 2444 super
1625 2369 1743 2420 aream
1763 2348 1938 2422 duxerunt

528 2470 817 2562 construendam,
841 2471 876 2541 in
898 2471 1131 2544 testimonium
1147 2470 1243 2565 quod
1263 2472 1385 2545 eadem
1405 2492 1488 2544 area
1509 2471 1546 2543 in
1571 2471 1672 2544 leodo
1688 2472 1938 2566 possideatura

528 2593 629 2665 nobis
646 2603 681 2664 et
696 2594 823 2665 nostris
842 2596 1099 2668 successorihus
1115 2597 1150 2667 in
1164 2597 1333 2667 futurum.
1347 2597 1509 2668 Preterea
1522 2595 1615 2669 idem
1626 2597 1708 2669 Otto
1724 2608 1760 2669 et
1772 2597 1825 2668 sni
1839 2597 1937 2668 here·

528 2715 591 2788 des
606 2717 751 2789 liberam
772 2718 971 2790 facultatem
991 2718 1188 2812 habebunt,
1211 2721 1240 2791 si
1262 2720 1451 2792 necessitas
1464 2719 1548 2815 ipsis
1561 2720 1748 2812 ingruerit,
1764 2719 1939 2793 vendendi

528 2840 656 2913 dictam
676 2862 795 2913 aream
818 2851 853 2914 et
876 2842 992 2914 omnia
1015 2841 1280 2938 superedificata
1304 2865 1368 2914 suo
1397 2843 1532 2916 concivi
1568 2845 1625 2916 vel
1655 2843 1798 2916 cuilibet
1819 2845 1936 2935 alteri,

527 2963 720 3036 secundnm
735 2965 794 3057 jus
810 2986 994 3037 commune
1010 2965 1159 3038 civitatis
1174 2965 1343 3059 Anguste,
1361 2966 1458 3062 quod
1472 2967 1662 3061 vulgariter
1677 2966 1804 3040 dieitur
1816 2967 1938 3040 Rosch-

526 3089 634 3178 recht,
659 3087 823 3160 videlicet
842 3088 912 3162 due
936 3111 1022 3162 auce
1045 3091 1224 3162 annuatim
1246 3091 1283 3162 in
1305 3091 1392 3163 lesto
1416 3090 1526 3163 sancti
1549 3090 1739 3164 Michaelis.
1760 3091 1806 3163 Ut
1821 3103 1937 3164 autem

526 3212 714 3286 affectuosa
726 3224 762 3285 et
776 3213 928 3286 liberalis
944 3224 1061 3287 nostra
1076 3215 1254 3287 concessio
1267 3235 1288 3286 a
1306 3214 1717 3288 nohisetsuceessoribus
1730 3217 1857 3288 nostris
1872 3226 1937 3288 sta·

527 3335 605 3406 hilis
622 3346 762 3408 maneat
780 3346 816 3410 et
833 3337 1055 3428 inconcussa,
1081 3347 1199 3411 notam
1216 3359 1293 3410 eam
1312 3339 1457 3410 lecimus
1475 3349 1511 3411 et
1525 3349 1757 3434 protestamur
1769 3339 1937 3411 universis

527 3468 597 3529 tam
615 3461 761 3554 posteris
778 3483 884 3555 quam
900 3462 1076 3534 modernis
1091 3472 1270 3557 presentes
1285 3462 1416 3534 litteras
1432 3461 1652 3556 inspecturis,
1668 3473 1705 3534 et
1718 3463 1934 3555 eosinargu·

526 3593 683 3655 mentum
698 3585 863 3657 memorie
881 3586 1054 3678 certioris,
1078 3587 1144 3658 sub
1162 3585 1358 3659 testimonio
1372 3585 1643 3681 subscriptomm
1661 3587 1722 3680 qui
1737 3596 1843 3658 testes
1858 3593 1936 3658 sunt

525 3705 685 3798 ejusdem
704 3707 934 3781 concessionis
952 3720 1089 3799 nostre,
1107 3709 1270 3781 videlicet
1285 3730 1402 3781 comes
1417 3707 1610 3780 Friderieus
1624 3709 1669 3781 de
1685 3711 1801 3801 Zolre,
1821 3729 1934 3782 eomes

525 3829 733 3903 Ludewious
745 3829 789 3902 de
807 3831 1058 3926 Spizenberoh,
1077 3832 1239 3905 dominus
1257 3830 1481 3906 Eberhardus
1498 3831 1544 3904 de
1557 3831 1756 3924 Eberstain,
1775 3832 1934 3904 dominus

524 3952 706 4026 Heinricus
722 3954 767 4028 de
780 3955 901 4047 Nilen,
921 3956 1084 4030 dominus
1099 3955 1235 4028 Ulricus
1249 3954 1293 4028 de
1309 3954 1597 4046 Gundolvingen,
1610 3952 1879 4029 dominusKralt
1891 3955 1933 4028 de

524 4077 755 4171 Boolresberg,
775 4079 936 4151 dominus
953 4081 1152 4152 Wollranns
1168 4080 1213 4152 de
1227 4078 1421 4170 Krutheim,
1439 4078 1600 4151 dominus
1612 4079 1790 4151 Gonradus
1800 4078 1931 4175 Kroph,

525 4198 686 4274 dominus
702 4201 913 4292 waltherus,
930 4202 1095 4298 pincerna
1111 4202 1156 4274 de
1170 4201 1370 4297 Limpuroh,
1385 4200 1548 4275 dominus
1562 4202 1756 4294 Cunradus,
1771 4202 1934 4299 pincerna

525 4321 570 4394 de
585 4323 866 4419 Klingenhurch,
889 4325 1050 4398 dominus
1072 4326 1268 4421 Lupoldus,
1285 4325 1451 4418 magister
1466 4327 1615 4420 coquina
1631 4325 1677 4399 de
1692 4325 1929 4414 llotenbureh,

525 4445 686 4520 dominus
705 4449 920 4539 llawardus,
945 4449 1106 4522 dominus
1124 4448 1317 4522 Friderieus
1335 4447 1380 4520 de
1395 4446 1615 4540 llindesmul,
1631 4446 1793 4521 dominus
1813 4447 1931 4520 Sihoto

524 4568 723 4662 Tanhuser,
741 4581 808 4644 eto.
827 4570 1042 4668 (Sequuntur
1058 4570 1200 4645 nomina
1213 4570 1444 4665 quadraginta
1465 4571 1604 4644 testium
1628 4571 1775 4644 aliorum
1791 4571 1932 4645 minoris

525 4691 722 4790 momenti),
740 4715 819 4766 cum
834 4695 947 4790 sigillo
960 4705 1079 4770 nostro
1093 4705 1129 4768 et
1144 4694 1292 4768 civitatis
1305 4693 1533 4790 Augustensis
1546 4694 1690 4770 lecimus
1705 4693 1874 4768 roborari.
