4352 5940
510 581 572 642 616
1008 581 1221 643 Fulosalcl
1247 581 1419 644 SECUNDI
1729 579 1811 666 [Anu.
1828 581 1916 645 12⁴8.

512 718 598 788 riam
617 727 721 812 prout
741 728 816 788 erat
833 726 869 789 et
890 715 1049 790 frivolam
1068 725 1285 812 reputantes,
1304 715 1414 811 ipsam
1435 713 1480 787 de
1502 713 1647 787 fratrum
1666 725 1865 788 nostrorum
1884 727 1918 789 et

511 842 697 912 multorum
711 842 923 935 prelatorum
932 839 991 934 qui
1003 841 1184 913 nobiscum
1196 851 1279 912 tunc
1292 839 1438 910 aderant
1448 838 1831 930 oonsili0,decrevimus
1842 840 1918 912 irri-

511 975 583 1036 tam
601 974 636 1036 et
647 957 803 1052 inanem,
819 986 1019 1059 processum
1040 965 1243 1036 eorumdem
1265 963 1540 1034 examinatomm
1557 984 1662 1058 super
1677 963 1719 1033 iis
1737 983 1917 1058 presump-

514 1098 586 1188 tum
608 1087 746 1183 penitus
761 1088 994 1182 reprobando.
1011 1087 1248 1159 concessimus
1265 1096 1393 1170 umen,
1411 1085 1440 1157 si
1454 1086 1589 1158 venerit
1607 1086 1698 1158 idem
1719 1085 1918 1158 Fredericus

512 1211 739 1305 personaliter
754 1211 843 1282 inira
859 1221 996 1306 tempus
1011 1211 1202 1302 legitimum
1219 1210 1294 1281 sine
1312 1209 1417 1280 armis
1432 1219 1468 1280 et
1483 1229 1563 1280 cum
1583 1209 1720 1280 modico
1736 1209 1913 1298 comitatu,

511 1332 606 1426 quod
620 1334 730 1428 ipsum
745 1355 849 1427 super
863 1334 1068 1428 purgatione
1081 1355 1186 1425 quam
1200 1333 1244 1405 de
1258 1332 1454 1426 suspicione
1468 1333 1622 1427 predicta
1637 1353 1674 1402 se
1687 1351 1804 1402 coram
1818 1331 1917 1403 nobis

510 1457 602 1528 velle
618 1466 773 1551 prestare
790 1456 939 1547 dicebat,
950 1435 979 1527 si
994 1457 1039 1528 de
1053 1458 1132 1548 jure
1151 1465 1187 1528 et
1200 1456 1290 1528 sicut
1306 1455 1440 1548 dejure
1456 1455 1654 1527 laciendum
1669 1453 1848 1542 existeret,
1859 1475 1917 1525 au·

512 1581 677 1652 diremus.
695 1581 941 1652 Verumtamen
958 1602 1028 1653 non
1046 1581 1157 1653 solum
1175 1579 1394 1675 postmodum
1413 1578 1533 1650 venire
1548 1577 1722 1670 neglexit,
1740 1577 1802 1648 sed
1819 1577 1915 1670 quasi

512 1702 662 1774 delectet
678 1724 757 1775 eum
773 1704 993 1792 malefacere,
1007 1703 1179 1797 prioribus
1192 1702 1360 1796 nequiora
1376 1703 1609 1790 committens,
1628 1701 1816 1795 quamdam
1832 1721 1914 1772 exe·

512 1825 676 1896 arabilem
693 1824 802 1896 edidit
818 1824 1030 1896 sanctionem
1047 1826 1139 1896 inter
1155 1825 1223 1896 alia
1241 1825 1473 1896 coutinentem
1492 1835 1532 1895 ut
1546 1824 1757 1917 quicumque
1773 1821 1917 1894 clericus

512 1948 567 2019 vel
587 1948 766 2039 religiosus
781 1947 828 2018 ad
840 1949 965 2042 papale
981 1949 1037 2018 vel
1053 1948 1187 2043 papalis
1200 1949 1304 2040 legati
1322 1948 1524 2020 mandatum
1543 1946 1681 2041 publice
1695 1947 1812 2018 forsan
1828 1945 1914 2017 omi·

510 2071 594 2142 serit
610 2071 791 2143 missarum
806 2091 868 2142 seu
881 2072 949 2142 alia
963 2072 1140 2144 celebrare
1154 2073 1322 2144 solemnia
1344 2081 1379 2143 et
1396 2080 1610 2144 sacramenta
1627 2068 1788 2143 fidelibus
1805 2071 1915 2142 eccle·

510 2195 647 2266 siastica
673 2195 879 2290 propinare,
906 2195 951 2266 de
976 2195 1115 2268 civitate
1136 2197 1194 2268 vel
1218 2197 1294 2268 loco
1315 2197 1415 2287 cujus
1435 2195 1549 2268 incola
1572 2194 1764 2289 reperietur
1786 2193 1916 2285 ejectus

510 2317 611 2388 bonis
625 2318 695 2390 suis
711 2319 1008 2412 patrimonialibus
1025 2329 1060 2391 et
1074 2319 1325 2409 ecclesiasticis,
1344 2330 1385 2390 ut
1396 2339 1522 2415 penam
1543 2319 1588 2391 da
1609 2328 1704 2389 tanta
1726 2317 1916 2389 temeritate

512 2441 630 2512 tulisse
645 2463 682 2512 se
699 2442 833 2531 doleat,
851 2442 1018 2536 spolietur
1037 2465 1045 2508 :
1068 2442 1202 2514 clericis
1221 2442 1386 2514 mandato
1405 2441 1562 2538 predicto
1582 2461 1704 2536 parere
1721 2440 1916 2513 nolentibus

510 2574 546 2636 et
561 2565 597 2634 in
611 2563 679 2636 fide
693 2586 754 2636 sua
769 2565 983 2636 serventibus
998 2565 1238 2637 ecclesiasticis
1250 2565 1477 2661 applicandis,
1489 2564 1788 2659 patrimonialibus
1800 2573 1915 2633 autem

454 2783 461 2788 .
511 2688 678 2783 proximis
693 2690 739 2759 ab
752 2688 914 2760 intestato
928 2688 1148 2760 venientibus
1162 2689 1292 2761 scilicet
1308 2689 1524 2782 assignandis
1532 2685 1547 2784 (
1549 2687 1602 2786 l).
1618 2688 1718 2759 Unde
1740 2687 1822 2780 quia
1842 2707 1915 2758 me·

511 2811 577 2882 rito
601 2819 723 2882 contra
745 2831 825 2882 eum
845 2810 906 2903 qui
929 2811 1084 2905 penitere
1109 2811 1304 2906 despiciens
1325 2821 1467 2907 peccata
1492 2812 1643 2907 peccatis
1665 2810 1860 2881 accumulat
1881 2821 1916 2879 et

511 2944 623 3006 ortam
640 2943 760 3006 contra
775 2955 813 3004 se
831 2934 1063 3028 suspicionem
1078 2935 1178 3006 dictis
1194 2935 1340 3007 attactis
1356 2935 1469 3006 innuit
1484 2957 1560 3006 esse
1575 2956 1709 3018 veram,
1728 2944 1782 3006 est
1796 2933 1917 3005 durius

511 3057 791 3152 procedendum,
809 3078 874 3129 nos
887 3027 1058 3152 prefatum
1073 3059 1314 3149 Fredericum,
1331 3060 1421 3131 sicut
1435 3058 1620 3148 hactenus,
1638 3059 1736 3129 sicin
1754 3057 1811 3129 die
1825 3055 1917 3148 jovis

510 3192 631 3253 sancto
651 3181 812 3276 proximo
832 3181 997 3276 preterito
1009 3179 1076 3276 (2),
1094 3182 1250 3275 quinimo
1272 3183 1459 3255 districtius
1477 3203 1541 3277 pro
1561 3203 1604 3254 eo
1622 3182 1719 3273 quod
1737 3189 1917 3275 suspectus

510 3303 734 3374 vehementer
745 3303 790 3374 de
803 3303 916 3374 heresi
933 3315 967 3376 et
983 3304 1289 3377 anathematizatus
1301 3307 1347 3377 ad
1361 3306 1475 3377 sinum
1488 3307 1620 3401 pretate
1634 3305 1753 3375 matris
1765 3301 1916 3376 Ecclesia

510 3426 623 3498 redire
643 3447 685 3499 ac
708 3449 749 3498 ea
768 3428 882 3499 iacere
902 3449 971 3522 que
990 3449 1011 3499 a
1030 3428 1079 3500 sic
1099 3441 1262 3522 suspecto
1283 3449 1325 3500 ac
1349 3429 1649 3501 excommunicato
1668 3429 1743 3501 fieri
1767 3429 1912 3519 debent,

510 3550 653 3621 omnino
669 3551 890 3645 contempsit,
909 3552 1285 3624 excommunicavimus
1301 3563 1337 3624 et
1352 3552 1582 3624 anathematis
1598 3555 1737 3626 vinculo
1752 3553 1917 3626 duximus

511 3672 766 3764 innodandum
787 3673 1033 3746 denuntiantes
1046 3675 1266 3747 nihilominus
1282 3676 1347 3747 sibi
1363 3687 1524 3771 presente
1544 3677 1699 3769 generali
1721 3685 1756 3748 et
1778 3677 1915 3773 publica

509 3797 775 3888 congregatione
790 3795 942 3868 fidelium
957 3808 992 3869 et
1003 3819 1066 3892 per
1077 3799 1162 3870 alios
1176 3798 1280 3870 etiam
1294 3799 1325 3870 ei
1337 3801 1487 3872 nuntiari
1500 3801 1659 3873 volentes
1672 3799 1767 3893 quod
1780 3800 1809 3872 si
1821 3801 1917 3871 dein·

509 3941 591 4014 ceps
604 3919 641 3990 in
659 3920 858 4011 hujusmodi
873 3921 1089 3992 contumacia
1103 3922 1243 3994 duxerit
1256 3924 1526 4017 persistendum,
1541 3934 1661 3995 contra
1676 3925 1790 4018 ipsum
1806 3921 1917 4016 gravi·

509 4053 562 4114 ter
574 4053 893 4137 quantumcumque
910 4044 1102 4116 secundum
1118 4047 1229 4116 Deum
1247 4045 1441 4141 expedierit
1454 4047 1693 4141 procedemus.
1711 4047 1915 4119 Pronuntia-

508 4165 622 4238 vimus
641 4175 801 4261 preterea
818 4166 914 4260 quod
930 4168 1140 4261 quicumque
1160 4169 1225 4240 sibi
1244 4180 1323 4264 post
1342 4169 1430 4242 duos
1451 4171 1612 4265 proximo
1630 4172 1764 4244 futuros
1778 4191 1914 4243 meuses

508 4289 555 4359 ab
571 4288 696 4361 eodem
716 4290 773 4363 die
790 4289 882 4380 iovis
903 4291 1154 4385 computandos
1176 4293 1357 4364 consilium
1381 4305 1442 4366 aut
1462 4295 1633 4366 auxilium
1651 4295 1838 4390 prestiterit
1855 4295 1914 4366 vel

546 4567 584 4638 (t)
602 4561 643 4622 Cl.
658 4565 812 4623 mandatum
824 4567 895 4640 quod
908 4583 990 4642 supra
1000 4569 1180 4642 exhibuimus,
1195 4585 1224 4643 p.
1240 4573 1302 4629 585.

545 4661 581 4736 (t)
600 4661 708 4720 Scilicet
719 4665 753 4720 ta
765 4664 867 4738 aprilis,
877 4681 938 4723 cum
950 4666 1052 4724 Pascha
1064 4668 1116 4744 boc
1128 4683 1199 4725 anno
1212 4668 1240 4724 in
1253 4668 1297 4726 dle
1311 4671 1344 4727 te
1355 4669 1447 4744 aprilis
1457 4669 1597 4744 incideret,
1612 4677 1644 4728 ut
1656 4687 1737 4746 supra
1751 4671 1910 4730 monuimus.
