4364 5914
493 547 557 610 990
950 542 1077 604 runai
1105 540 1455 603 DOCUMENTORUH.

508 745 624 820 1245

497 851 633 932 iffi.
713 867 800 949 Apud
880 901 921 916 -
938 872 1075 933 Renovat
1092 868 1343 930 oooflrrnationean
1355 870 1541 946 imperatoris
1552 870 1646 946 patris
1656 871 1721 944 sui,
1733 883 1825 948 qnam
1838 863 1909 928 tour

658 967 854 1045 Nurambsrg.
920 983 1009 1044 super
1018 967 1140 1027 donnum
1150 981 1240 1045 quarn
1248 965 1403 1026 Tantonioi
1416 963 1719 1027 massonam
1729 965 1769 1024 88
1782 960 1907 1025 conat·

920 1069 951 1126 et
961 1065 1042 1142 quod
1053 1065 1168 1124 linitam
1180 1065 1221 1124 sit
1232 1063 1373 1124 18881888
1382 1062 1503 1123 8818888
1515 1061 1672 1124 8881118888
1683 1061 1805 1122 ibidum.
1848 1061 1901 1122 881

501 1156 632 1218 noenu.
711 1157 801 1236 Apud
880 1191 921 1206 -
938 1158 1098 1221 confirmat
1110 1160 1230 1220 8888888
1243 1177 1334 1237 qaam
1345 1159 1456 1220 habant
1467 1159 1643 1220 ’1188888181
1653 1159 1733 1237 apud
1744 1159 1906 1220 88888188

660 1255 853 1332 Nursrnbarg.
919 1273 996 1334 quas
1010 1256 1107 1317 iuerat
1123 1255 1260 1318 1181881111
1274 1259 1353 1336 regis
1364 1256 1607 1328 amaminor,
1622 1261 1654 1316 at
1669 1273 1723 1316 sex
1740 1261 1906 1316 8888888188
1930 1245 1933 1252 ’

919 1353 1193 1414 maiomam
1211 1354 1501 1430 atiam,qnaspator
1517 1352 1774 1415 narraturam
1792 1354 1826 1413 in
1845 1352 1906 1412 818-

919 1451 1034 1508 mosius
1047 1449 1159 1510 8188888
1170 1448 1260 1510 astru
1368 1515 1372 1522 ,
1847 1457 1904 1510 888

500 1545 632 1607 8888881).
709 1544 799 1622 Apud
878 1575 919 1591 -
939 1544 1101 1606 (ioniirnrst
1120 1547 1306 1624 privilegium
1328 1548 1420 1623 patris
1439 1548 1488 1608 sni
1507 1545 1666 1618 friderici,
1685 1561 1745 1622 quo
1767 1543 1906 1606 mnibus

655 1644 849 1721 Nurembsrg.
918 1642 1043 1703 Sanctae
1064 1644 1174 1704 itariae
1193 1643 1445 1705 'theutonicorum
1466 1643 1619 1705 8181818888
1635 1643 1806 1704 manditur
1826 1643 1906 1720 spui

917 1737 1671 1820 Aooondairortvoaonmsisspisaopinsqnsasi
1690 1741 1905 1800 8888188888-

504 1815 618 1892 1244
918 1851 969 1896 rae
980 1836 1185 1898 Januanstam.
1846 1847 1904 1898 8⁵⁴

493 1920 630 2004 ’ῑῖὴῖῃῖᾗ
708 1930 796 2009 apua
879 1961 919 1977 -
938 1931 1069 1992 Priorum
1082 1939 1112 1992 at
1125 1940 1303 1993 sonantum
1323 1933 1361 1994 88
1377 1931 1542 2011 Rupisbsrg
1561 1935 1592 1992 in
1611 1931 1747 1993 81881888
1765 1933 1905 1994 Bar-nansi

684 2027 826 2088 Remum.
918 2043 987 2088 cam
1009 2028 1095 2089 bonis
1115 2035 1146 2090 st
1166 2030 1336 2090 hominibus
1358 2045 1461 2090 sorum
1482 2028 1539 2089 sub
1561 2029 1705 2105 imperiali
1727 2032 1906 2106 proteum

919 2125 1037 2202 recipit,
1058 2131 1088 2184 at
1109 2126 1231 2186 mandst
1252 2127 1437 2186 universitati
1457 2125 1649 2186 Bunrnsiam
1669 2131 1706 2186 nt
1724 2125 1904 2203 partim

917 2219 1072 2282 aaoiastaar
1083 2229 1249 2302 protegant.
1845 2231 1904 2284 888

505 2335 544 2387 20
558 2333 616 2388 001,
708 2315 798 2394 Apud
879 2349 918 2362 -
937 2318 1084 2379 Omnibus
1101 2319 1298 2380 8888888888
1317 2319 1354 2379 88
1375 2317 1558 2398 oppenheim
1579 2317 1713 2380 oonoadit
1731 2319 1813 2398 quoti
1831 2321 1902 2396 ipsi,

663 2411 838 2491 linguonau.
917 2429 1025 2475 uxores
1038 2423 1069 2475 et
1088 2415 1228 2476 18888888
1245 2416 1368 2494 legitimi
1382 2416 1515 2478 88818888
1533 2432 1610 2494 quar
1621 2418 1654 2476 in
1670 2421 1768 2477 888888
1784 2416 1823 2477 88
1836 2416 1904 2493 0p-

915 2512 1052 2588 penhaim
1077 2512 1314 2584 aedificaverint,
1338 2530 1391 2590 pro
1413 2512 1501 2574 18888
1522 2515 1664 2574 aarum
1680 2515 1712 2572 in
1730 2518 1902 2590 parpawurn

915 2609 1094 2685 possideant.
1845 2619 1902 2671 888

511 2703 606 2766 8888.
681 2701 823 2765 Bouana.
875 2738 917 2748 —
935 2705 1111 2766 Monasterio
1130 2705 1295 2766 1888118881
1314 2723 1404 2784 propa
1427 2705 1571 2768 Basiioanr
1588 2705 1733 2768 bonorum
1756 2723 1903 2786 8888888-

504 2869 615 2946 {245
915 2801 1317 2864 damvonditionsrniaetorn
1329 2801 1495 2865 ooniirmst.
1843 2814 1901 2867 888

490 2977 628 3058 'iffi-r:
706 2989 794 3067 Apud
876 3027 917 3040 -
936 2995 1126 3074 privilegium
1145 2994 1340 3074 burgensibus
1357 2995 1458 3056 Sanun
1472 2993 1620 3056 Trudonis
1638 2997 1677 3056 ab
1696 2995 1825 3060 ilenriuo
1842 2997 1901 3060 Lo·

651 3085 841 3166 Nuramberg.
915 3091 1078 3171 thuringiae
1091 3092 1167 3152 8888
1175 3091 1325 3169 quondam
1336 3092 1485 3153 indultum
1494 3091 1532 3152 88
1544 3091 1711 3154 inhibuistis
1719 3093 1901 3156 subadvoca-

914 3195 1012 3250 torum
1026 3190 1272 3267 oppressionibus,
1288 3195 1410 3250 renovat
1422 3197 1452 3250 at
1466 3189 1800 3254 188888888888888888.
1842 3202 1898 3254 867

500 3287 627 3350 auteur.
706 3280 794 3357 Apud
876 3287 1087 3348 ..Fratribus
1109 3287 1272 3348 minoribus
1293 3291 1324 3347 tu
1347 3287 1528 3365 Norsmbsrg
1550 3287 1721 3349 Conradorn
1745 3289 1783 3350 88
1806 3289 1901 3352 Rotas

656 3373 847 3456 Nuremberg.
914 3387 1009 3445 civem
1021 3386 1151 3462 ejusdem
1164 3384 1244 3447 urbis
1258 3392 1473 3463 procuratorem
1486 3388 1653 3464 constituit,
1668 3403 1757 3464 88888
1769 3389 1808 3448 ab
1821 3391 1901 3449 unani

915 3486 1068 3542 exactione
1081 3481 1648 3559 liberatquomdrurnservtuorrotrom
1658 3487 1801 3546 88888811.
1842 3494 1898 3546 887

501 3586 536 3637 21
551 3577 626 3640 isba.
706 3568 795 3645 Apud
875 3613 916 3624 —
934 3580 1068 3641 Conrado
1080 3579 1219 3657 sylvestri
1233 3579 1333 3640 oomiti
1350 3595 1404 3654 pro
1417 3582 1508 3656 gratis
1525 3582 1591 3656 alas
1607 3582 1722 3640 seritis
1742 3589 1802 3641 488
1819 3597 1900 3642 nuar-

655 3663 849 3746 Nummbtrss·
915 3676 1321 3749 oasssdebereconfltstur,
1341 3677 1525 3754 adquorum
1545 3677 1721 3738 8818888888
1738 3679 1840 3740 viliam
1863 3680 1901 3741 88

914 3773 1206 3834 Weiirrbaohuirism
1220 3775 1406 3850 oppignorat.
1841 3785 1900 3837 858

492 3869 624 3928 1888811.
653 3867 845 3948 Nuramburg.
876 3903 914 3915 -
934 3871 1123 3931 Guiiieimum
1142 3869 1388 3947 arhiepiscopum
1411 3869 1601 3931 Bisontiuum
1622 3870 1661 3931 88
1682 3872 1830 3951 rogalibus
1853 3876 1900 3933 in·

914 3972 1011 4042 vernt,
1027 3975 1057 4028 st
1069 3968 1205 4029 omuibus
1218 3969 1339 4030 1888888
1351 3975 1386 4030 ut
1402 3971 1430 4028 81
1445 3985 1533 4046 supsr
1551 3969 1689 4031 omnibus
1702 3971 1824 4048 juribus
1836 3975 1901 4049 aius

913 4065 1194 4126 dovotaintondunt.
1841 4077 1899 4129 868

492 4159 625 4217 1888811.
652 4157 845 4238 Nuramberg.
875 4195 913 4207 -
933 4163 1113 4224 Sententiam
1132 4167 1234 4223 uotam
1248 4161 1320 4222 iacit
1333 4178 1393 4238 qua
1410 4161 1585 4223 Guiiiuinrus
1602 4162 1836 4241 archiepiscopus
1848 4166 1899 4228 Bi-

915 4263 1050 4320 suntinus
1064 4276 1153 4319 unam
1167 4263 1233 4320 auri
1246 4276 1375 4320 maroam
1390 4263 1520 4336 projura
1530 4261 1658 4335 capetias
1668 4264 1836 4339 88888881
1848 4266 1900 4326 aiii

914 4360 1120 4436 archiepiscopi
1134 4362 1280 4436 principes
1293 4361 1422 4436 imperii,
1438 4359 1551 4418 solvero
1564 4365 1689 4420 8888188.
1839 4372 1897 4424 888

510 4456 600 4514 maio.
667 4454 828 4535 Augustas.
875 4489 915 4502 —-
934 4457 1117 4532 Emptionem
1139 4472 1230 4531 quum
1252 4455 1320 4515 iacit
1336 4454 1428 4514 abbas
1450 4455 1488 4514 88
1508 4454 1606 4515 Salam
1628 4471 1697 4516 oum
1718 4457 1838 4520 albato
1860 4462 1898 4521 88

914 4549 1127 4613 Piaiienhovsn
1145 4553 1181 4612 88
1198 4553 1283 4612 bonis
1300 4552 1477 4629 quibusdam
1497 4550 1577 4628 apud
1598 4551 1812 4616 Piaiienhovon
1833 4559 1898 4616 sitis

913 4656 1007 4711 rutam
1022 4649 1331 4710 habetotoonflrmat.
1838 4661 1896 4714 888
