4300 5916
228 643 330 703 lunum.
349 638 413 716 15.]
674 632 871 697 HISTORIA
894 629 1193 694 ntruouteutcn.

481 928 694 941 ..a—maa
700 929 719 937 u-
726 921 1394 938 mmmm-um

285 1208 375 1293 Post
395 1209 499 1292 uenit
518 1207 717 1292 Conradus
744 1232 811 1290 rex
829 1205 1011 1290 Trevirim
1033 1204 1073 1286 in
1100 1202 1393 1314 quadragesima
1419 1211 1456 1286 et
1479 1201 1641 1285 honori-

232 1343 303 1425 fice
331 1355 528 1452 susceptus
556 1350 613 1423 est
642 1340 692 1422 ab
716 1365 762 1422 eo
786 1338 1120 1448 [archiepiscopus]
1143 1337 1409 1420 Theodericus.
1440 1333 1641 1418 Descendit

233 1486 362 1558 autem
380 1500 448 1558 rex
465 1472 753 1583 Aquisgranum
771 1483 809 1556 et
826 1471 1024 1582 episcopus
1043 1468 1334 1553 confluentiam.
1357 1475 1451 1551 Gest.
1477 1465 1638 1574 Troasin,

233 1634 296 1717 ap.
319 1607 527 1713 Hourmnu,
546 1633 587 1716 p.
609 1607 702 1690 800.

291 2202 504 2311 Corradus,
523 2205 784 2289 Romanorum
798 2206 837 2286 in
856 2231 986 2315 regem
1005 2205 1159 2312 electus,
1183 2229 1253 2314 pro
1277 2203 1463 2286 solutione
1485 2211 1640 2284 trecen-
1701 2211 1824 2316 §Q

234 2347 364 2420 tamm
386 2337 572 2421 librarum
596 2365 693 2448 quas
716 2339 788 2422 sibi
815 2338 999 2423 Henrious
1023 2337 1260 2447 praepositus
1286 2337 1334 2419 de
1358 2335 1496 2418 Pfaizel
1521 2359 1639 2443 prae-

237 2471 350 2576 stitit,
370 2471 404 2552 ei
427 2481 504 2554 tres
521 2471 682 2554 iudaeos
707 2484 836 2581 captos
863 2473 1032 2581 assignat
1058 2482 1102 2554 ut
1127 2496 1194 2580 per
1220 2467 1474 2553 venditionem
1501 2468 1642 2549 domo-

235 2628 324 2686 rum
352 2615 390 2686 et
411 2630 540 2687 rerum
557 2604 786 2688 Iudaeorum
813 2606 1033 2688 eorumdem
1061 2604 1161 2686 hano
1187 2602 1367 2712 pecuniae
1391 2599 1641 2710 quantitatem

236 2745 473 2845 extorqueat.

319 2977 410 3054 (Edit.
424 2995 473 3056 sp.
486 2977 571 3038 Gesta
585 2977 740 3050 Treuirum,
751 2978 823 3038 adit.
834 2978 1045 3038 Wrrrnnnacu
1054 2983 1083 3038 et
1092 2976 1233 3054 Monuni,
1244 2982 1268 3038 t.
1279 2977 1305 3050 1,
1317 2971 1535 3039 Additamento,
1547 2988 1577 3048 p.
1589 2979 1639 3032 56.

357 3087 527 3160 appensum
542 3084 668 3144 Gonrsdt
684 3085 814 3161 sigillum
833 3087 955 3144 omnino
968 3084 1044 3144 idam
1059 3090 1103 3144 est
1120 3090 1156 3143 ut
1174 3083 1308 3143 videmus
1320 3084 1493 3156 impressum
1506 3082 1538 3138 in
1552 3078 1643 3138 nitere

358 3191 489 3267 ejusdem
515 3194 592 3268 regis
616 3191 775 3266 diplomata
801 3191 881 3268 quod
907 3191 1069 3267 publicavit
1086 3191 1241 3268 Zyliesius.
1268 3189 1399 3264 Sequens
1425 3185 1533 3244 videsis
1549 3183 1642 3242 docu-

359 3294 518 3374 mentum.)

285 3507 463 3581 conradus
482 3508 553 3580 divi
567 3509 704 3601 augusti
720 3509 937 3605 imperatoris
955 3508 1118 3580 Frideriei
1134 3507 1242 3597 iilius,
1263 3507 1325 3578 Dei
1345 3505 1455 3599 gratia
1469 3503 1643 3576 Romano·

238 3651 316 3702 rum
334 3630 370 3702 in
390 3653 507 3724 regem
524 3632 655 3704 electus
673 3653 811 3728 semper
824 3641 991 3723 augustus
1008 3642 1043 3703 et
1057 3630 1159 3703 heres
1176 3632 1274 3724 regni
1287 3631 1515 3705 iherusalem.
1529 3635 1645 3708 Omni·

237 3753 305 3826 bus
320 3775 462 3851 presens
477 3755 644 3850 scriptum
662 3755 788 3828 visuris
807 3757 967 3828 volumus
985 3777 1069 3827 esse¹
1080 3769 1200 3827 notum
1221 3755 1316 3850 quod
1336 3757 1482 3831 dilectus
1498 3761 1644 3832 alericus

106 3977 110 3987 Ι
238 3887 356 3951 noster
382 3879 550 3951 Henrious
571 3880 766 3975 prepositus
786 3879 1022 3951 Palatioiensis
1042 3879 1145 3967 nobis
1170 3880 1320 3975 prestitit
1345 3890 1515 3955 trecentas
1538 3885 1643 3955 libras

238 3999 471 4095 Trovirenses,
492 4013 527 4074 et
539 4023 603 4074 nos
617 4002 731 4074 eidem
750 4012 869 4096 captos
891 4003 1142 4093 assignavimus
1161 4012 1295 4074 nostros
1313 4004 1440 4075 iudeos
1456 4027 1536 4078 eum
1558 4007 1644 4079 inte·

237 4123 363 4216 gnitate
383 4147 499 4196 rerum
520 4147 678 4216 suarum,
699 4125 829 4196 scilicet
848 4126 1099 4196 Heiemannum
1120 4134 1155 4197 ot
1170 4125 1395 4197 Heckelinum
1413 4149 1515 4198 suum
1537 4150 1644 4221 gene·

238 4269 317 4319 rum
342 4247 386 4320 de
408 4249 534 4342 Cogme
559 4259 595 4321 et
614 4249 731 4320 Aaron
751 4248 796 4320 do
820 4249 947 4340 Crono,
974 4259 1017 4320 ut
1038 4249 1085 4321 ab
1107 4247 1239 4321 eisdem
1264 4249 1410 4344 accipiat
1431 4273 1512 4323 oum
1527 4273 1644 4325 acces·

240 4371 340 4445 soriis
372 4373 464 4444 dioto
498 4373 644 4471 pecunie
675 4373 921 4465 quantitatem,
950 4370 1074 4444 dantes
1104 4371 1217 4444 eidem
1242 4373 1417 4466 proposito
1439 4385 1645 4469 potestatem

239 4497 417 4570 vendendi
431 4496 552 4569 domos
572 4506 608 4568 et
627 4519 683 4569 res
700 4517 820 4568 eorum
836 4497 1110 4592 quibuscumque
1130 4497 1194 4567 sibi
1210 4496 1322 4568 visum
1342 4497 1446 4569 fuerit
1464 4501 1644 4596 expedire.

242 4620 277 4692 Si
292 4641 378 4692 vero
394 4632 523 4692 tantam
539 4621 584 4692 ab
598 4621 681 4715 ipsis
697 4640 767 4691 non
786 4620 938 4715 potuerit
950 4631 1160 4715 'extorquere
1179 4620 1381 4715 pecuniam,
1403 4623 1506 4694 talem
1530 4626 1647 4698 defeu-

243 4749 315 4813 tum
330 4741 445 4814 eidem
466 4763 513 4814 ex
530 4755 650 4817 nostro
669 4742 781 4817 erario
799 4743 1019 4837 promisimus
1038 4742 1145 4815 verbo
1164 4743 1254 4835 regis
1270 4743 1471 4840 adimplere.
1495 4749 1533 4818 In
1548 4749 1648 4841 cnjus
