4318 5904
534 596 597 662 932
1083 587 1397 656 hbllll'hilssll'l'h.

538 743 575 810 et
595 730 759 804 mulieres
780 748 901 802 eorum
929 745 1068 819 egresso
1089 735 1172 800 sunt
1198 747 1279 802 cum
1303 725 1355 802 oie
1378 726 1537 802 similitor
1564 739 1601 802 ot
1622 733 1723 827 pn'eri
1746 741 1782 806 et
1806 731 1937 828 pnello,

534 859 684 950 juvenes
704 862 741 926 et
756 851 925 946 virgines,
943 871 1045 924 senes
1067 871 1149 922 oum
1161 849 1378 942 junioribus,
1400 859 1437 924 et
1456 851 1629 926 violenter
1644 856 1856 952 expulerunt
1876 857 1939 928 im·

539 988 736 1076 potatorem
753 976 798 1050 do
812 975 963 1052 Victoria
977 983 1013 1048 ot
1027 995 1150 1049 omnes
1164 996 1246 1050 suos
1264 975 1392 1048 milites
1411 984 1448 1048 ot
1460 976 1614 1071 pedites,
1635 987 1671 1052 ot
1688 980 1788 1052 multi
1804 981 1941 1052 luerunt

540 1103 589 1176 ibi
613 1100 741 1176 mortni
768 1099 924 1174 etmulti
952 1099 1045 1194 capti
1063 1108 1099 1170 et
1123 1096 1258 1172 reducti
1277 1097 1314 1172 in
1339 1099 1517 1190 Parmam,
1539 1108 1577 1174 ot
1599 1121 1681 1174 euos
1708 1103 1942 1178 liberaverunt

541 1227 697 1323 captivos
712 1245 800 1319 qnos
819 1223 1007 1319 imperator
1025 1221 1063 1296 in
1080 1221 1231 1296 Victoria
1246 1221 1282 1294 in
1300 1222 1449 1299 vinculis
1470 1223 1670 1316 detinebat,
1696 1235 1732 1298 et
1752 1227 1941 1300 carrocium

540 1349 822 1426 Cremonensium
832 1347 928 1443 qnod
939 1347 976 1420 iu
986 1345 1137 1420 Victoria
1150 1355 1225 1418 erat
1237 1346 1274 1420 in
1285 1347 1445 1422 Parmam
1457 1348 1636 1422 duxerunt
1648 1349 1942 1446 etinBaptisterio

541 1472 732 1548 honorilice
749 1482 958 1570 posuerunt3
979 1470 1042 1544 sed
1060 1469 1097 1542 hi
1112 1471 1173 1564 qui
1188 1471 1437 1544 Cremonenses
1448 1493 1520 1544 non
1534 1473 1738 1567 diligebant,
1750 1485 1792 1548 nt
1809 1473 1941 1548 bladie-

542 1599 702 1672 lanonsos
718 1605 754 1670 ot
769 1595 948 1670 Mantuani
965 1603 1001 1670 ot
1013 1593 1072 1667 alii
1085 1595 1205 1691 plures
1222 1617 1311 1689 quos
1325 1595 1575 1670 Cremonenses
1588 1597 1776 1691 aliquando
1791 1597 1943 1672 ubendo-

543 1731 636 1813 rant,
655 1719 796 1815 quando
817 1719 1006 1793 veniebant
1025 1718 1071 1791 ad
1092 1717 1332 1814 baptisterium
1352 1718 1544 1794 videndum
1567 1731 1603 1793 et
1627 1721 1796 1794 videbant
1815 1722 1864 1794 ibi
1876 1724 1942 1795 ini·

542 1847 712 1920 micorum
744 1865 886 1917 snorum
917 1842 1129 1935 carrocium,
1157 1851 1319 1918 ornatum
1348 1843 1447 1918 berte
1478 1845 1697 1918 abstulerunt
1719 1855 1759 1917 nt
1779 1845 1945 1919 haberant

544 1991 608 2066 pro
626 1970 798 2065 reliquiis,
822 1967 1003 2040 dicebatur
1022 1965 1114 2038 enim
1133 1965 1252 2057 horta,
1276 1966 1340 2040 sod
1360 1976 1436 2042 rote
1462 1979 1702 2043 remansemnt
1724 1969 1773 2042 ibi
1795 1979 1943 2044 anun·

543 2093 649 2168 modo
668 2103 704 2166 et
724 2093 835 2168 lectus
857 2091 1003 2187 plaustri
1024 2091 1060 2164 in
1079 2089 1279 2186 parimento
1299 2091 1516 2188 baptisterii,
1538 2093 1700 2166 columna
1721 2115 1805 2166 voro
1826 2094 1944 2167 vexilli

544 2219 619 2291 sive
634 2216 767 2313 pertica
782 2225 896 2288 erecto
914 2215 1028 2288 stabat
1044 2213 1091 2286 ad
1106 2235 1257 2286 ιιιιιιιιιιι.
1280 2213 1366 2288 Item
1380 2215 1582 2288 Parmenses
1599 2215 1818 2288 ahstnlomnt
1835 2215 1943 2311 impe·

545 2340 652 2414 ratori
669 2348 779 2412 totum
797 2337 999 2410 thesaurum
1015 2361 1116 2410 sunm
1133 2359 1238 2432 quom
1256 2359 1420 2431 maguum
1435 2336 1586 2412 hahebat
1599 2339 1636 2414 in
1652 2361 1739 2412 auro
1756 2349 1792 2412 et
1804 2348 1947 2433 argento

546 2474 583 2540 et
600 2463 773 2560 lapidibus
790 2462 961 2558 pretiosis,
979 2461 1073 2535 vasis
1093 2471 1128 2534 ot
1147 2460 1320 2554 vestibus,
1344 2471 1381 2536 et
1401 2483 1541 2537 omnem
1559 2473 1719 2537 ornatnm
1734 2465 1947 2559 etsnpelloo·

548 2589 643 2661 tilem
665 2608 763 2660 snam
781 2585 996 2678 habuerunt,
1016 2595 1052 2658 et
1069 2605 1232 2660 coronam
1251 2585 1388 2681 imperii
1406 2609 1476 2681 que
1493 2596 1568 2660 erat
1588 2588 1704 2680 magni
1729 2587 1893 2683 ponderis
1914 2597 1950 2659 ot

547 2711 675 2786 valoris
691 2721 727 2785 ot
743 2721 814 2786 tota
827 2719 904 2784 erat
921 2731 968 2783 ex
984 2732 1070 2783 auro
1085 2719 1122 2784 et
1141 2709 1314 2806 lapidibus
1329 2711 1488 2806 pretiosis
1507 2711 1660 2802 intexta,
1680 2713 1807 2784 multae
1819 2711 1949 2783 habene

547 2837 716 2930 imagines
730 2835 937 2908 fabrefactas
956 2844 993 2908 et
1011 2835 1165 2908 elevatos
1168 2887 1340 2909 .....
1360 2834 1464 2922 Quod
1478 2836 1661 2929 quisqmm
1677 2856 1799 2932 rapere
1815 2843 1951 2931 poterat

547 2981 650 3033 sunm
663 2968 827 3048 orat,nec
841 2959 1024 3052 quisquam
1038 2958 1137 3030 alteri
1149 2958 1950 3054 audebatvelpresnmebatanlerre,necunum

549 3084 696 3156 verbum
707 3081 937 3156 contentionis
947 3104 1010 3156 seu
1023 3082 1228 3175 injuriosum
1240 3083 1288 3156 ihi
1304 3083 1370 3156 luit
1381 3082 1553 3156 auditum.
1566 3084 1734 3157 Coronam
1747 3083 1841 3154 illurn
1854 3103 1952 3154 enre-

550 3217 632 3278 runt
644 3208 848 3280 Parmensos
860 3207 906 3280 ab
922 3206 981 3281 illo
995 3206 1140 3308 concive
1154 3227 1220 3280 auo
1237 3219 1275 3282 ot
1288 3207 1462 3281 dodcmnt
1477 3207 1510 3279 ei
1528 3228 1592 3303 pm
1603 3229 1645 3280 ea
1659 3208 1827 3282 ducentas
1842 3207 1951 3302 impe·

550 3331 687 3404 rialium
703 3331 809 3404 libras
822 3341 858 3404 ot
872 3353 981 3404 unum
996 3340 1232 3404 casamentum
1249 3351 1358 3427 propo
1373 3331 1553 3404 eeclesiam
1563 3334 1688 3405 Sancte
1700 3331 1881 3422 Christine,
1893 3329 1952 3402 nbi

552 3454 756 3527 lavatorium
780 3475 950 3548 equorum
975 3455 1166 3551 antiquitus
1188 3455 1313 3529 luerat.
1334 3457 1379 3528 Et
1400 3465 1597 3530 statuerunt
1615 3465 1656 3529 nt
1675 3455 1887 3549 quicumque
1907 3453 1952 3526 de

552 3575 723 3652 thesauris
733 3578 883 3652 Victoria
893 3579 989 3652 aliud
1002 3579 1193 3671 habuisset,
1207 3579 1430 3653 medietatem
1439 3579 1585 3652 haberet
1594 3590 1631 3652 et
1640 3579 1861 3652 medietatem
1870 3577 1954 3650 assi·

550 3711 674 3796 guarel
693 3703 882 3776 communi.
901 3703 1091 3778 Poonliaria
1108 3725 1249 3798 quoquc
1264 3703 1482 3800 imperatoris
1495 3725 1565 3798 que
1583 3703 1804 3800 pertinebant
1818 3701 1865 3775 ad
1879 3702 1954 3776 bol-

551 3827 638 3917 lum,
654 3836 695 3899 ut
708 3827 899 3922 papiliones
913 3836 948 3900 ot
963 3826 1177 3920 hujusmodi,
1188 3827 1310 3900 habuit
1318 3827 1504 3922 Gregorius
1511 3827 1558 3900 de
1573 3827 1795 3920 llontelongn
1806 3826 1952 3920 legatae.

551 3951 740 4044 Ymuginos
760 3972 848 4024 vom
872 3960 910 4024 et
935 3950 1080 4044 reliquia
1106 3973 1195 4046 quas
1220 3951 1410 4048 imperator
1432 3950 1601 4042 habebat,
1625 3952 1793 4024 mlloeato
1819 3959 1902 4022 sunt
1921 3949 1956 4020 in

552 4073 702 4146 sacrario
721 4075 793 4146 sive
810 4074 964 4149 sacristia
979 4075 1120 4168 majoris
1134 4075 1279 4148 ecclesie
1295 4077 1399 4147 heato
1414 4073 1564 4166 Virginis
1577 4071 1829 4148 conservando.
1845 4075 1956 4144 Dacos

552 4197 693 4270 luerunt
721 4197 896 4272 exercitus
923 4199 1109 4292 Gregorius
1139 4198 1184 4272 do
1213 4199 1436 4292 Montelongo
1464 4197 1521 4270 vir
1547 4197 1687 4294 sapiens
1716 4207 1751 4270 et
1777 4197 1814 4268 in
1842 4194 1957 4267 multis

553 4329 719 4416 expertus
730 4332 766 4393 ot
779 4320 959 4416 Philippus
980 4320 1225 4396 vicedominus
1249 4321 1334 4394 civis
1353 4321 1587 4412 Placentinus,
1613 4319 1718 4393 homo
1744 4325 1959 4392 munisset

553 4445 699 4540 probus,
720 4453 803 4520 tunc
825 4444 949 4518 Parme
974 4445 1123 4520 civitatis
1144 4456 1298 4542 potestas
1298 4493 1759 4518 ............
1785 4493 1799 4518 ,.
1815 4441 1860 4513 Et
1877 4449 1957 4512 nota

553 4567 649 4661 qnod
674 4567 719 4640 de
743 4567 911 4644 thesauris
934 4569 995 4663 qni
1016 4569 1053 4644 in
1070 4569 1222 4643 Victoria
1248 4579 1331 4642 sunt
1357 4569 1503 4664 roperti,
1525 4567 1627 4663 pauci
1654 4573 1898 4640 romanserunt
1924 4562 1957 4634 ln

554 4691 696 4780 Parma,
717 4691 798 4785 quin
821 4703 1031 4770 morealmes
1049 4693 1095 4768 de
1112 4693 1257 4766 dvenio
1276 4692 1434 4789 partibus
1455 4691 1637 4766 venientes
1659 4697 1818 4774 emerunt
1836 4707 1900 4762 ans
1924 4693 1959 4760 et
