4310 5908
507 631 568 696 606
1004 626 1218 689 satouatct
1242 625 1417 689 suctum
1720 623 1802 709 [Aua.
1820 625 1907 690 1250.

556 765 661 839 Primi
695 765 849 860 parentis
880 763 1019 835 incauta
1048 761 1274 855 transgressio
1301 761 1351 834 sie
1382 760 1528 857 posteris
1559 760 1672 854 legem
1704 761 1911 835 conditionis
1957 825 1962 840 .

507 889 635 962 indixit
651 896 691 961 ut
707 909 784 960 eam
807 907 873 959 neo
888 885 1009 959 diluvii
1033 885 1194 981 proclivis
1209 885 1256 958 ad
1276 905 1403 980 penam
1423 882 1544 955 effuso
1563 881 1701 954 effrenis
1722 881 1911 956 abduceret

507 1035 574 1086 nee
590 1010 807 1107 baptismatis
823 1019 894 1081 tam
914 1009 1075 1100 celebris,
1103 1019 1173 1080 mm
1195 1007 1343 1080 salubris
1367 1006 1464 1080 unda
1492 1005 1607 1078 liniret
1630 1005 1715 1100 qniu
1736 1005 1911 1078 fatalitatis

508 1146 655 1210 eventus
683 1133 887 1206 mortalibus
913 1131 1124 1208 senescentis
1156 1132 1212 1204 evi
1238 1130 1423 1226 precinctis
1445 1129 1603 1218 lascivia,
1630 1127 1911 1221 transgressionis

507 1261 543 1330 in
565 1279 691 1353 penam
712 1258 814 1352 culpa
838 1256 1010 1328 transfusa
1032 1264 1197 1348 tanquam
1212 1254 1357 1326 cicatrix
1374 1274 1419 1324 ex
1444 1253 1590 1324 vulnere
1615 1264 1821 1325 remaneret.
1840 1255 1910 1328 Nos

507 1379 612 1473 igitur
626 1379 820 1452 Fridericus
836 1379 1029 1470 secundus,
1049 1378 1167 1452 divina
1189 1377 1328 1450 favente
1343 1375 1527 1449 elementia
1547 1375 1779 1448 Romanorum
1799 1377 1909 1472 impe·

508 1511 602 1574 rator
626 1523 764 1597 semper
788 1513 971 1596 angarstns,
996 1502 1186 1574 Jerusalem
1203 1510 1240 1573 et
1261 1500 1375 1572 Sicilie
1399 1520 1482 1590 rex,
1509 1519 1680 1573 memoras
1702 1499 1908 1574 conditionis

507 1624 659 1696 humane
674 1646 781 1719 quam
794 1645 931 1721 semper
944 1626 1128 1697 comitatur
1143 1624 1262 1696 innata
1273 1623 1450 1716 fragilitas,
1469 1622 1553 1695 dum
1566 1622 1638 1694 vite
1652 1622 1753 1695 nobis
1766 1623 1908 1698 instaret

509 1747 688 1840 terminus,
707 1749 843 1842 loquele
860 1757 895 1819 et
908 1748 1075 1820 memorie
1092 1748 1128 1818 in
1145 1746 1246 1819 nobis
1268 1745 1464 1838 integritate
1480 1746 1640 1839 vigente,
1658 1745 1733 1838 egri
1748 1767 1904 1842 corpore,

508 1871 583 1943 sani
601 1879 732 1960 mente,
748 1870 798 1943 sio
810 1871 926 1943 anime
941 1881 1060 1943 nostre
1076 1869 1327 1944 consulendum
1343 1867 1571 1965 providimus,
1585 1869 1634 1941 sic
1648 1868 1693 1941 de
1708 1869 1852 1964 imperio
1872 1879 1908 1943 et

508 1995 623 2087 regnis
637 1994 764 2068 nostris
779 1994 945 2067 duximus
966 1993 1219 2090 disponendum
1239 2002 1280 2064 nt
1296 1992 1400 2066 rebus
1417 1992 1577 2065 humanis
1596 1993 1770 2089 absumpti
1789 1995 1907 2066 vivers

507 2119 702 2208 videamur,
722 2128 758 2191 et
771 2116 849 2190 liliis
865 2119 991 2190 nostris
1015 2119 1142 2212 quibus
1159 2138 1223 2189 nos
1247 2117 1363 2190 diviua
1388 2118 1571 2190 clementia
1586 2117 1801 2208 fecundavit,
1821 2140 1908 2212 quos

507 2241 659 2338 presenti
676 2241 899 2337 dispositione
914 2251 1033 2313 nostra
1051 2240 1117 2312 sub
1137 2261 1229 2337 pena
1243 2240 1495 2315 benedictionis
1515 2251 1632 2314 nostre
1647 2241 1808 2314 volumus
1832 2263 1907 2314 essa

506 2375 705 2456 contentos,
734 2365 969 2457 indignatione
998 2361 1050 2461 (a)
1082 2363 1217 2436 sublata
1244 2364 1357 2436 omnis
1382 2365 1526 2436 materia
1555 2364 1710 2438 scandali
1738 2364 1902 2460 sopiatur.

505 2487 694 2562 Statuimus
708 2489 826 2582 itaque
842 2488 1037 2561 Conradum
1050 2489 1282 2561 Romanorum
1298 2487 1334 2559 in
1348 2509 1466 2582 regem
1479 2490 1629 2561 electum
1646 2498 1681 2562 et
1696 2488 1795 2583 regni
1809 2490 1905 2562 tero·

505 2613 690 2686 solimitani
706 2612 884 2702 heredem,
902 2612 1068 2684 dilectum
1086 2609 1195 2683 filium
1213 2620 1388 2702 nostrum,
1408 2611 1509 2684 uobis
1524 2611 1690 2684 heredem
1708 2611 1744 2684 in
1760 2613 1905 2709 imperio

505 2748 541 2808 et
566 2737 727 2809 omnibus
753 2736 829 2807 aliis
855 2735 1025 2830 empticiis
1051 2744 1087 2806 et
1110 2736 1356 2828 quoquomodo
1385 2735 1561 2828 acquisitis
1585 2746 1621 2808 et
1647 2737 1842 2830 specialiter
1869 2737 1904 2808 in

504 2881 612 2953 reguo
628 2869 746 2932 nostro
761 2859 888 2930 Sicilie.
904 2859 1016 2943 Quem
1032 2859 1061 2930 si
1077 2858 1245 2931 decedere
1259 2859 1441 2952 contigerit
1457 2859 1531 2931 sine
1548 2859 1679 2950 liberis,
1698 2860 1729 2932 ai
1743 2861 1906 2934 suecedet

503 2982 682 3054 Heinrieus
702 2980 793 3053 lilius
809 2990 945 3072 nostar;
963 3002 1034 3074 quo
1051 2981 1215 3053 defuneto
1233 2981 1307 3054 sine
1326 2981 1454 3072 liberis,
1473 2981 1637 3054 succedat
1660 2983 1691 3055 ei
1708 2982 1905 3056 Manfradus

503 3104 594 3178 lilius
622 3115 751 3178 noster.
781 3104 937 3180 Conrado
964 3115 1080 3178 autem
1113 3115 1273 3178 manente
1300 3107 1336 3177 in
1368 3105 1574 3178 Alamannia
1605 3107 1662 3178 val
1692 3106 1775 3177 alibi
1806 3117 1905 3179 extra

504 3250 668 3320 ragnum,
686 3230 869 3302 statuimus
885 3229 1079 3325 predictum
1099 3230 1316 3302 Manlredum
1338 3230 1469 3302 balium
1493 3229 1575 3302 dicti
1590 3229 1736 3302 Conradi
1755 3229 1791 3300 iu
1807 3229 1905 3302 ltalia

504 3362 540 3424 et
555 3353 749 3447 specialiter
766 3354 802 3423 in
822 3373 931 3444 regno
950 3352 1063 3424 Sicilia
1084 3350 1146 3448 (t),
1164 3352 1287 3424 dantes
1305 3352 1337 3424 ei
1357 3353 1548 3448 plenariam
1567 3363 1773 3449 potestatem
1789 3353 1904 3426 omnia

503 3472 735 3569 faciendique
750 3495 898 3570 persona
915 3486 1032 3547 nestra
1048 3477 1161 3547 faeere
1180 3487 1297 3570 posset
1312 3476 1340 3548 si
1356 3476 1570 3549 viveremusx
1588 3475 1753 3549 videlicet
1767 3477 1804 3548 iu
1819 3498 1902 3549 eou-

503 3598 668 3670 cedendis
685 3599 796 3689 terris,
813 3599 947 3685 castris,
964 3599 1068 3689 villis,
1086 3599 1533 3694 parentalis,dignitatibus,
1551 3597 1727 3672 beneficiis
1743 3611 1779 3673 et
1791 3601 1904 3674 omni·

502 3722 569 3794 bus
585 3721 660 3794 aliis
673 3723 777 3814 juxta
791 3722 1051 3817 dispositionem
1075 3743 1172 3794 suam
1189 3732 1306 3819 preter
1322 3724 1466 3818 antiqua
1481 3723 1643 3796 demauia
1659 3724 1757 3816 regni
1774 3724 1901 3814 Sicilia,

503 3854 539 3918 at
553 3844 648 3938 quod
677 3844 853 3917 Conradus
880 3856 916 3916 et
943 3846 1122 3918 Heinricus
1147 3846 1293 3942 predicti
1318 3844 1380 3918 filii
1411 3847 1519 3918 nostri
1549 3857 1729 3919 eteorum
1757 3846 1903 3920 heredes

502 3968 618 4042 omnia
637 3989 706 4062 que
726 3969 800 4063 ipsa
821 3968 940 4042 fecerit
955 3966 1054 4040 firma
1077 3969 1202 4042 atrata
1220 3979 1361 4042 teneant
1383 3981 1418 4042 et
1435 3971 1633 4043 observent.
1650 4009 1701 4026 -
1715 3971 1799 4042 ltam
1818 3991 1901 4045 eon·

500 4091 655 4164 cedimus
671 4101 707 4165 et
722 4089 966 4164 confirmamus
982 4091 1075 4164 dicto
1088 4093 1267 4167 lilaniredo
1283 4091 1354 4166 lilio
1371 4103 1489 4166 nostro
1505 4094 1736 4190 principatum
1748 4093 1901 4185 Tarenti,

500 4215 662 4289 videlicet
684 4237 707 4288 a
721 4227 822 4312 porta
836 4216 953 4290 ltoseti
973 4238 1083 4309 usque
1108 4217 1155 4290 ad
1175 4227 1289 4289 ortum
1305 4218 1456 4290 fluminis
1471 4218 1645 4290 Braudani
1660 4240 1740 4292 cum
1758 4219 1901 4292 comita·

500 4339 593 4412 tibus
607 4339 734 4413 Montis
749 4339 890 4413 Gaveosi
900 4392 911 4431 ‚
931 4339 1092 4412 Tricarici
1110 4353 1145 4412 ot
1162 4341 1323 4433 Gravius,
1341 4351 1444 4436 pmut
1464 4329 1647 4415 comitatus
1668 4341 1743 4437 ipse
1760 4335 1900 4438 proten-

541 4509 582 4590 (0)
604 4510 640 4575 Iu
652 4509 721 4572 eod.
734 4509 899 4579 ambitione,
915 4513 1013 4572 mluns
1025 4517 1111 4572 reeta

541 4614 580 4696 (b)
602 4615 657 4693 Ap.
671 4616 759 4678 Matt.
775 4617 881 4679 Paris:
899 4637 914 4675 r
929 4613 1047 4676 Babuat
1062 4614 1190 4678 Gonmdi
1202 4618 1234 4677 ia
1245 4617 1366 4698 isuper-ic
1378 4635 1399 4677 a
1411 4619 1505 4698 Papia
1516 4625 1544 4682 ,ε
1557 4619 1632 4681 055„
1648 4623 1676 4680 ,ε
1699 4633 1789 4699 ,m
1800 4616 1900 4682 sm

498 4718 1503 4802 taqatchXXaaaoa,ancsptoqmdocm-adwmgm‚
