4300 5916
217 659 317 740 latre.
337 659 401 739 rs]
659 655 857 718 ursronra
882 651 1177 716 nrrnouarreu
1562 657 1623 719 aaa

217 795 265 876 de
283 793 371 903 jure
391 801 544 896 recent,
564 788 837 899 principalibus
855 799 1021 898 quatuor
1038 787 1219 895 exceptis,
1241 795 1540 898 potestatemque
1563 758 1623 870 in-

217 927 350 1034 dulget
367 923 618 1008 constituendi
637 922 715 1004 duo
730 922 884 1030 oppida,
896 921 1000 1032 quod
1019 920 1135 1028 vulgo
1152 918 1382 1004 wiebbelede
1395 919 1621 1030 appellatur,

217 1083 306 1141 cum
321 1057 408 1167 jure
427 1055 553 1166 gravis
573 1063 747 1137 monetae
765 1053 804 1136 in
820 1053 939 1137 altero
956 1053 1110 1136 illomm
1131 1053 1337 1136 cudendae.

259 1268 354 1348 (Edtt.
374 1285 423 1346 ap.
443 1269 555 1330 berre.
574 1263 768 1346 nmmum,
786 1272 809 1326 t.
823 1265 970 1342 XV11,p.
990 1273 1062 1338 tls,
1083 1243 1113 1326 et
1130 1267 1165 1324 tn
1181 1264 1330 1326 illudens.
1350 1267 1476 1343 eplscep.
1498 1267 1622 1340 Chron,

337 1391 386 1451 ep.
401 1376 590 1452 Prsrosrmr,
605 1373 757 1453 scriptor„
772 1378 798 1432 t.
812 1373 838 1444 1,
854 1390 884 1450 p.
899 1369 982 1449 744.)

268 1559 458 1650 Corradus,
477 1558 549 1631 divi
564 1557 701 1650 augusti
717 1557 933 1653 imperatoris
948 1555 1110 1628 Friderici
1127 1553 1275 1648 llfilius,
1292 1556 1356 1628 Dei
1372 1557 1482 1649 gratia
1497 1557 1623 1631 liema-

219 1705 345 1756 norum
373 1683 409 1755 in
434 1705 552 1775 regem
579 1682 709 1754 electus
728 1703 866 1776 semper
890 1690 1058 1773 augustus
1086 1689 1121 1751 et
1144 1677 1246 1752 heres
1270 1679 1367 1772 regni
1389 1681 1621 1774 Hierusalem,

219 1807 392 1880 universis
411 1807 574 1903 paginam
597 1815 793 1902 presentem
817 1805 1024 1900 inspecturis
1046 1803 1181 1876 dilectis
1200 1801 1360 1876 fidelibus
1382 1805 1453 1876 suis
1478 1807 1624 1898 gratiam

219 1945 368 2004 suamet
384 1952 487 2003 omne
500 1931 644 2003 bonnm.
658 1930 871 2002 Constitutus
884 1929 920 1999 in
936 1929 1109 2024 presentia
1123 1940 1241 2028 nostre
1253 1927 1466 2000 celsitudinis
1475 1929 1624 2002 Ioannes

218 2055 428 2128 venerabilis
438 2054 627 2127 ltlindensis
645 2055 839 2149 episcopus,
853 2051 999 2124 dilectus
1017 2053 1178 2148 princeps
1197 2063 1328 2142 noster,
1342 2073 1403 2147 per
1417 2054 1624 2126 sententiam

219 2179 419 2273 inquisitam
439 2178 590 2251 obtinuit
611 2199 727 2250 ceram
750 2177 850 2250 nobis
870 2176 966 2270 quod
992 2177 1108 2249 omnia
1129 2176 1195 2248 sibi
1215 2177 1295 2269 jure
1322 2186 1488 2249 vacarent
1513 2177 1625 2250 officia

219 2303 267 2376 ad
282 2304 518 2399 episcopatum
531 2301 753 2398 pertinentia,
765 2312 881 2396 preter
896 2301 955 2371 illa
970 2311 1120 2393 quatuor
1132 2301 1335 2395 principalia
1349 2323 1417 2394 que
1433 2301 1625 2374 seeundum

220 2426 501 2498 constitutionem
529 2424 727 2518 generalem
751 2433 786 2496 et
809 2445 1029 2496 communem
1052 2423 1221 2516 justitiam
1249 2433 1329 2495 sunt
1357 2435 1516 2520 excepta.
1543 2425 1625 2498 Pre-

221 2560 320 2650 terea
348 2549 462 2621 eidem
495 2547 727 2622 concessimus
757 2557 964 2644 potestatem
991 2548 1223 2621 constituendi
1254 2548 1324 2620 duo
1351 2549 1500 2644 oppida,
1531 2551 1626 2643 quod

220 2673 328 2766 vulgo
349 2671 569 2744 wichbelede
592 2673 799 2767 appellatur,
822 2673 1033 2766 ubicumque
1054 2672 1178 2744 eadem
1203 2671 1239 2742 in
1262 2693 1325 2744 sua
1342 2671 1470 2746 diocesi
1488 2673 1628 2746 duxerit
1762 2735 1770 2752 .
1821 2695 1824 2704 ·

217 2797 464 2869 construenda.
489 2796 717 2868 Nihilominus
738 2797 842 2868 etiam
864 2795 1086 2868 concedimus
1107 2806 1142 2866 et
1163 2795 1333 2868 donamus
1354 2795 1465 2868 eidem
1483 2796 1631 2870 liberta.

221 2931 292 2991 tem
313 2920 350 2990 in
369 2921 479 2993 altere
503 2919 643 2991 illorum
668 2920 875 3015 oppidorum
889 2940 1032 3011 gravem
1054 2928 1229 2991 monetam
1251 2919 1416 3010 cudendi,
1437 2920 1512 2992 sine
1529 2920 1627 3012 gravi

221 3043 416 3139 prejudicio
431 3043 519 3137 juris
534 3044 649 3115 alieni.
671 3043 726 3114 Ad
743 3064 889 3136 quarum
906 3042 1132 3115 donationum
1148 3043 1302 3114 emnium
1318 3043 1528 3115 evidentiam
1544 3066 1625 3140 pre·

189 3263 195 3274 ο
222 3179 357 3241 sentem
374 3168 523 3240 litteram
540 3167 604 3239 sibi
623 3168 699 3240 dari
717 3168 879 3258 lecimus,
895 3167 997 3259 sigilli
1013 3167 1122 3240 nostri
1137 3167 1327 3238 munimine
1342 3167 1549 3240 roboratam.

271 3292 397 3362 Datum
413 3293 508 3387 apud
523 3293 672 3386 Hagen,
692 3291 793 3363 tertio
803 3291 896 3383 julii,
915 3291 1035 3384 quinta
1051 3290 1186 3363 decima
1203 3289 1404 3363 indictione.

281 3858 493 3964 Conradus,
511 3859 549 3939 in
568 3860 826 3943 Romanorum
844 3886 974 3969 regem
991 3859 1268 3965 electus,'cives
1282 3861 1520 3944 Trevirenses
1538 3887 1624 3943 eum
1666 3893 1821 4000 affin.

224 3991 397 4098 persenis
419 4000 457 4074 et
477 3991 657 4075 omnibus
675 4018 806 4076 eorum
829 3992 939 4076 benis
967 3993 1039 4076 sub
1065 3993 1212 4102 imperii
1242 4005 1280 4075 et
1309 4019 1378 4076 sua
1397 3995 1626 4102 protectione

224 4122 369 4230 recipit.

306 4335 400 4414 (uult.
415 4353 462 4413 ap.
476 4337 621 4410 Baewm,
636 4335 747 4401 Annei.
766 4337 889 4412 meve,
906 4339 956 4402 ttb.
972 4339 1058 4414 XVI,
1073 4357 1103 4417 p.
1122 4347 1190 4416 1³⁷,
1211 4347 1241 4404 et
1253 4357 1302 4420 ap.
1319 4339 1498 4416 Horum„
1510 4339 1623 4420 didm.

349 4441 473 4517 Treuir„
487 4451 512 4505 t.
526 4447 557 4523 1,
574 4463 603 4521 p.
621 4443 704 4524 ⁷29.)

275 4627 471 4720 Gonradus,
495 4627 581 4727 [divi
597 4627 750 4728 augusti]
768 4632 984 4728 imperatoris
999 4635 1162 4708 Frideriei
1177 4632 1280 4724 filins,
1299 4633 1363 4706 Dei
1376 4633 1488 4725 gratia
1504 4635 1629 4708 Roma·

228 4771 351 4821 norum
370 4750 405 4821 in
422 4755 683 4844 regemelectus
703 4775 840 4850 semper
854 4767 1021 4850 augustus
1036 4767 1072 4830 et
1087 4757 1189 4829 heres
1207 4755 1305 4850 regni
1320 4755 1545 4830 Hierusalem.
1565 4759 1646 4830 Te·'
