4310 5908
220 607 321 668 116166.
337 605 384 690 8.]
666 606 864 670 lllS'l'OlllA
889 607 1186 672 clitellarius.
1572 599 1636 662 rte

223 741 353 814 Alsatie
365 739 458 833 filios
471 740 618 814 baberet
630 751 667 814 et
681 743 875 836 possideret
888 745 1090 818 comitatum
1104 754 1140 816 et
1157 742 1372 816 dominatum
1389 740 1434 817 de
1451 737 1579 822 Werde
1598 747 1636 810 et

226 875 359 966 tantum
381 867 511 938 laceret
528 887 610 956 erga
631 865 810 938 dominum
831 889 946 940 meum
966 868 1092 944 ducem
1114 867 1210 962 quod
1223 867 1296 962 ipse
1314 864 1474 938 dominus
1495 862 1570 935 dux
1587 861 1631 935 16

221 991 300 1081 jure
327 988 492 1062 redderet
517 989 550 1060 61
571 988 713 1061 seudum
736 992 1027 1085 prenominatum,
1054 993 1186 1064 scilicet
1202 999 1353 1062 castrum
1366 986 1536 1082 Estupbin
1553 1007 1634 1058 cum

226 1112 434 1208 appenditiis
461 1113 550 1202 suis,
583 1133 648 1204 ego
675 1113 768 1186 Gono
792 1136 1008 1188 remanerem
1029 1114 1134 1188 bomo
1161 1113 1293 1187 domini
1313 1111 1423 1186 nostri
1445 1110 1544 1184 ducis
1568 1119 1633 1204 pro

225 1236 385 1338 ducentis
410 1236 594 1310 marchatis
623 1238 759 1330 argenti
781 1261 869 1332 quas
892 1239 978 1312 mibi
1011 1241 1146 1312 solvere
1176 1247 1352 1310 teneretur
1376 1237 1464 1308 intra
1486 1256 1630 1306 annum.

224 1359 368 1456 Propter
383 1359 479 1454 quod
498 1381 564 1453 ego
580 1361 738 1456 reaccepi
752 1361 797 1434 de
815 1362 957 1435 domino
970 1384 1047 1435 meo
1064 1363 1153 1435 duce
1169 1363 1204 1433 in
1219 1361 1363 1434 tendum
1384 1370 1420 1433 et
1434 1359 1633 1452 homagium

225 1483 347 1556 decem
366 1482 560 1556 marehatas
578 1494 667 1556 terre
687 1484 732 1556 de
749 1507 826 1557 meo
843 1487 971 1559 allodio
992 1509 1080 1580 quas
1100 1507 1165 1578 ego
1180 1465 1297 1559 debeo
1310 1485 1376 1557 sibi
1394 1484 1484 1556 inira
1501 1504 1633 1554 annum

225 1607 401 1680 adserere.
425 1609 569 1703 Insuper
594 1629 659 1701 ego
680 1608 774 1681 Cono
793 1608 912 1682 'debeo
933 1610 1080 1683 reddere
1105 1610 1284 1682 annuatim
1300 1609 1441 1681 domino
1455 1630 1533 1681 meo
1552 1607 1632 1681 duci

225 1729 424 1824 quindecim
441 1739 593 1802 carratas
606 1729 693 1820 vini,
714 1740 750 1803 et
766 1729 827 1802 filii
840 1731 909 1803 mei
924 1732 985 1826 qui
999 1732 1131 1804 dictum
1146 1742 1296 1804 eastmm
1313 1740 1473 1803 tenerent
1499 1784 1509 1802 .
1540 1783 1549 1801 .
1580 1782 1590 1800 .
1620 1782 1630 1800 .

229 1906 238 1926 .
268 1907 278 1926 .
309 1907 319 1926 .
350 1907 360 1925 .
388 1853 578 1926 redderent
598 1853 756 1925 similiter
776 1855 918 1928 domino
935 1856 1015 1928 duci
1030 1856 1140 1928 dictas
1155 1855 1354 1950 quindecim
1367 1863 1519 1926 carratas
1537 1855 1631 1940 vini,

227 1987 262 2058 et
277 1978 398 2053 vinum
415 1977 695 2074 prenominatum
711 1978 881 2052 debemus
894 1980 959 2052 sibi
971 1979 1165 2053 conducere
1181 2001 1292 2074 usque
1305 1978 1525 2052 Wisembacb
1540 1979 1633 2051 bona

220 2100 308 2187 lide.
323 2102 510 2175 Sciendum
526 2112 579 2175 est
592 2102 696 2174 etiam
713 2104 809 2197 quod
819 2104 980 2176 dominus
996 2125 1096 2176 mens
1109 2104 1185 2176 dun
1202 2103 1459 2199 prenominatus
1474 2102 1580 2176 debet
1593 2124 1633 2176 se

223 2228 349 2320 juvare
379 2226 423 2297 de
450 2235 563 2298 castro
590 2226 761 2322 Estupbin
783 2238 904 2301 contra
918 2249 1060 2319 omnes,
1083 2229 1251 2322 quamdiu
1266 2249 1331 2321 ego
1348 2238 1383 2300 61
1396 2226 1543 2300 heredes
1565 2227 1633 2299 mei

228 2349 359 2450 ¹dictum
391 2359 542 2422 castrum
571 2351 779 2442 tenebimus,
813 2362 1033 2448 preterquam
1064 2362 1186 2425 contra
1211 2351 1363 2426 Ulricum
1384 2352 1563 2425 dominum
1588 2352 1633 2426 de

227 2473 451 2570 Rappolstein
463 2483 499 2546 et
511 2474 787 2566 consanguineos
800 2497 909 2548 meos.
926 2476 1086 2548 Preterea
1101 2498 1166 2572 ego
1180 2486 1301 2571 potero
1311 2477 1437 2568 juvare
1451 2476 1632 2548 dominum

228 2618 346 2670 meum
363 2596 586 2671 Fredericnm
601 2597 846 2694 imperatorem
860 2601 1095 2673 Romanorum
1111 2611 1147 2673 et
1162 2622 1279 2696 regem
1284 2653 1495 2672 ......
1524 2579 1634 2672 tilium

229 2743 331 2792 suum
354 2717 426 2817 (l),
453 2721 613 2794 comitem
638 2722 859 2818 llndolphnm
885 2723 930 2795 de
952 2724 1136 2820 Habspurg
1156 2734 1191 2797 et
1214 2723 1366 2796 Ulricum
1389 2723 1568 2796 dominum
1589 2723 1633 2796 (16

228 2845 452 2940 116666161616
484 2845 642 2941 superius
672 2847 908 2936 nominatum,
936 2868 1007 2919 non
1037 2848 1195 2921 obstante
1218 2849 1417 2942 juramento
1446 2847 1542 2943 quod
1568 2847 1634 2920 leci
1703 2863 1706 2870 ·

229 2969 371 3043 domino
388 2990 468 3042 meo
481 2969 575 3042 duci.
593 2971 737 3043 Promisi
755 2971 859 3043 etiam
872 2972 1059 3045 observare
1067 2971 1220 3045 fideliter
1232 2972 1401 3046 bonorem
1419 2972 1550 3045 domini
1565 2972 1635 3046 mei

230 3092 328 3166 ducis
347 3103 382 3166 et
395 3093 485 3166 bona
500 3091 570 3166 fide
584 3094 803 3167 commodum
821 3118 923 3168 sunm
939 3097 1154 3192 perquirere,
1171 3106 1206 3168 61
1222 3097 1285 3170 has
1296 3097 1545 3170 conventiones
1553 3119 1634 3192 pre·

230 3215 341 3290 dictas
368 3217 484 3308 juravi
504 3217 597 3290 bona
619 3214 689 3290 fide
711 3227 830 3290 tenere
855 3228 890 3290 et
912 3219 1157 3292 inviolabiliter
1172 3220 1371 3292 observare.
1398 3220 1435 3292 16
1461 3220 1561 3312 cujus
1583 3220 1634 3292 rei

228 3339 464 3413 testimonium
478 3349 657 3435 presentes
672 3341 803 3414 litteras
816 3341 917 3435 sigilli
931 3344 1000 3415 mei
1012 3344 1201 3416 munimine
1216 3343 1389 3417 roboravi.
1518 3357 1520 3360 ·

278 3466 406 3537 1161666
419 3485 513 3538 6666
524 3465 661 3538 Domini
676 3465 858 3540 millesimo
871 3467 1108 3541 ducentesimo
1123 3468 1428 3565 quinquagesimo,
1445 3467 1502 3541 die
1516 3467 1635 3540 martis

232 3598 311 3662 6616
326 3591 454 3662 festum
472 3589 574 3662 beate
589 3589 928 3683 llarieblagdalcne.
1211 3603 1214 3610 ’
1404 3595 1407 3602 ’

272 4192 518 4304 inidoneus,
541 4195 811 4282 Romanorum
825 4197 1050 4306 imperator,
1077 4195 1342 4280 conventiones
1366 4205 1405 4279 et
1430 4204 1541 4308 pacto
1566 4217 1635 4302 per
1672 4192 1835 4346 ,ᾗῇ

1712 4354 1798 4409 [June]

270 4538 306 4614 lt)
324 4539 385 4597 Dux
398 4541 468 4599 enim
482 4542 648 4616 [6166166166
659 4558 730 4601 anno
744 4543 813 4602 l2l8
828 4543 862 4602 ad
873 4549 963 4619 partes
977 4542 1111 4602 Ecclesiae
1124 4548 1152 4600 61
1164 4541 1296 4602 willelmi
1310 4541 1345 4600 16
1357 4539 1497 4600 llollandia
1511 4537 1636 4598 declina·

237 4641 326 4707 verat,
344 4638 415 4695 sicut
426 4639 454 4696 id
466 4640 644 4714 comperimus
658 4655 693 4699 ex
703 4640 888 4700 instrumentis
895 4657 941 4716 66.
956 4643 989 4698 1).
1004 4639 1215 4713 1161661116.
1229 4638 1261 4698 de
1272 4640 1414 4712 16166166,
1429 4644 1452 4696 1.
1466 4637 1512 4711 1v,
1528 4653 1636 4712 preuv„

237 4747 266 4805 p.
281 4748 569 4794 ccocnxveccenxvn.
