4318 5904
765 626 1077 689 nualtellam.
1565 623 1624 688 907

262 767 364 838 'leste
380 787 462 859 rego
476 763 572 859 apud
585 762 832 855 Burdegalam,
848 774 974 837 octavo
989 764 1046 837 die
1058 760 1223 856 januarii.

262 942 340 1014 llox
356 941 521 1034 magistro
541 941 643 1013 Petro
658 940 704 1012 de
725 940 855 1028 Vinea,
873 963 999 1033 magne
1021 939 1208 1035 imperialis
1223 940 1302 1011 aule
1315 937 1444 1030 judici,
1462 938 1623 1010 salutem.

215 1064 424 1160 Soripsimus
447 1086 561 1160 nuper
586 1064 727 1137 domino
754 1074 890 1157 uestro,
921 1063 1053 1138 sororio
1076 1073 1195 1135 nostro
1223 1061 1416 1148 carissimo,
1441 1061 1626 1134 Frederioo

213 1188 277 1260 Dei
296 1187 409 1282 gratia
424 1189 661 1260 Romanorum
679 1188 897 1283 imperatori,
917 1187 1151 1282 significantes
1167 1186 1200 1258 ei
1216 1185 1421 1258 seditionem
1435 1185 1536 1257 nobis
1555 1187 1627 1258 lae·

214 1322 285 1384 tam
305 1334 369 1408 per
395 1313 557 1385 comitem
576 1312 726 1385 lllarchie
752 1321 787 1384 et
810 1313 996 1409 complices
1020 1334 1121 1402 suos,
1147 1320 1183 1383 et
1208 1319 1354 1383 eventus
1378 1320 1515 1382 nostros
1542 1309 1626 1382 dum

213 1456 370 1508 essemus
394 1435 431 1506 in
450 1435 602 1508 Pictavia
628 1433 694 1532 (l).
725 1436 826 1508 Nune
854 1457 939 1510 vero
971 1436 1169 1525 levitatem,
1198 1435 1305 1506 immo
1333 1432 1449 1528 potius
1475 1430 1625 1505 infideli·

212 1567 322 1630 tatem
339 1557 474 1630 comitis
491 1558 676 1631 Tholosani
700 1558 814 1630 eidem
833 1559 974 1632 domino
992 1569 1109 1631 vestro
1132 1559 1347 1647 intimamus,
1366 1557 1515 1650 qualiter
1532 1557 1627 1630 idem

214 1703 350 1775 eomes,
370 1704 450 1754 eum
470 1703 583 1777 nuper
600 1683 691 1754 inter
711 1703 775 1754 nos
798 1682 899 1754 ledus
920 1683 1086 1754 iniremus
1113 1692 1149 1754 et
1170 1682 1216 1754 ad
1237 1681 1386 1754 invicem
1412 1681 1626 1754 confederati

214 1805 401 1878 fuissemus
414 1805 510 1900 quod
529 1807 618 1877 alter
632 1807 782 1878 altemm
802 1806 881 1878 totis
897 1806 1029 1878 viribus
1045 1808 1187 1900 juvaret
1205 1816 1326 1878 contra
1347 1826 1484 1877 omnem
1501 1805 1625 1877 viven-

215 1939 306 2021 tem,
329 1940 477 2025 excepto
499 1929 657 2026 predicto
677 1929 819 2003 domino
841 1939 977 2020 vestro,
1002 1952 1068 2001 nec
1092 1951 1155 2002 nos
1177 1930 1251 2002 sine
1275 1929 1350 2025 ipso
1372 1930 1429 2002 vel
1454 1929 1527 2026 ipse
1548 1931 1624 2002 sine

214 2054 317 2126 nobis
333 2075 453 2149 pacem
469 2055 525 2125 uel
548 2064 704 2146 treugam
724 2055 890 2126 iniremus
904 2076 984 2125 oum
998 2076 1080 2147 rege
1100 2053 1263 2145 Francia,
1287 2053 1428 2126 tandem
1448 2053 1550 2126 nobis
1570 2054 1623 2125 in·

214 2179 383 2250 consultis
399 2187 434 2250 et
453 2199 524 2250 non
542 2177 758 2272 premunitis,
776 2177 890 2251 eidem
906 2179 980 2271 regi
1002 2177 1150 2268 adhesit,
1170 2178 1260 2250 inter
1280 2199 1344 2250 nos
1358 2178 1459 2251 ledus
1479 2199 1551 2251 non
1570 2190 1624 2252 at-

216 2301 384 2391 tendens,
404 2312 568 2394 tanquam
587 2303 677 2372 lame
695 2323 758 2373 sue
778 2302 945 2397 prodigus
964 2312 999 2374 et
1016 2303 1206 2395 juramenti
1227 2303 1328 2374 nobis
1347 2303 1482 2398 prestiti
1500 2303 1624 2377 imme·

215 2447 295 2498 mor
311 2426 466 2499 effeetus.
484 2426 591 2518 Igitur
608 2435 760 2497 vestram
774 2427 961 2499 amicitiam
975 2449 1137 2520 rogamus
1153 2427 1318 2499 attentius
1333 2427 1509 2521 quatinus,
1520 2429 1624 2521 juxta

217 2543 381 2622 fiduciam
417 2572 521 2644 quam
552 2549 597 2622 de
623 2550 722 2623 vobis
748 2560 984 2645 reportamus,
1010 2552 1143 2623 litteras
1172 2561 1308 2623 nostras
1342 2550 1455 2623 eidem
1482 2553 1624 2625 domino
1751 2589 1754 2594 ·

216 2685 335 2746 vestro
355 2684 391 2746 et
406 2684 534 2747 statum
558 2682 715 2746 nostrum
744 2675 928 2768 diligenter
950 2697 1126 2770 exponere
1148 2685 1183 2747 et
1203 2697 1310 2770 penes
1333 2675 1445 2771 ipsum
1469 2698 1621 2749 commo·

219 2797 303 2870 dum
326 2809 362 2869 et
380 2797 549 2870 honorem
565 2809 722 2870 nostrum
744 2820 930 2894 procurare
955 2800 1085 2888 velitis3
1112 2800 1159 2871 ita
1186 2799 1281 2892 quod
1304 2799 1481 2892 diligentia
1507 2811 1623 2872 uestra

217 2923 394 2995 fructuosa
409 2921 510 2993 nobis
528 2922 656 2994 existat
672 2931 707 2994 et
720 2923 766 2995 ad
779 2932 895 3016 grates
908 2923 991 2994 inde
1009 2922 1109 2995 vobis
1128 2933 1309 2994 teneamur
1320 2924 1499 3018 speciales.

268 3047 386 3135 Teste,
401 3056 439 3117 ut
453 3069 571 3140 supra

267 3224 344 3296 Rex
365 3223 496 3319 Eymae
517 3222 562 3295 de
581 3223 746 3319 Gumpeis
769 3225 929 3296 salutem.
954 3224 1128 3317 Rogamus
1148 3245 1212 3296 vos
1237 3225 1332 3316 quod
1353 3224 1399 3296 ad
1424 3226 1625 3299 memoriam

220 3347 393 3421 reducatis
411 3347 448 3420 id
465 3347 596 3441 dequo
614 3349 720 3420 locuti
737 3348 865 3420 luimus
881 3349 928 3420 ad
944 3349 1111 3440 invicem,
1130 3357 1291 3444 presente
1309 3348 1437 3422 dilecto
1452 3351 1626 3423 avunculo

221 3480 339 3544 nostro
363 3472 401 3543 P.
423 3471 468 3544 de
490 3471 682 3562 Sabaudia;
706 3472 807 3545 etde
831 3493 873 3544 eo
898 3473 1119 3569 expediendo
1141 3493 1250 3568 penes
1273 3472 1453 3545 dominum
1475 3473 1627 3570 impera·

222 3605 332 3669 torem
351 3606 469 3691 partes
487 3605 620 3668 vestras
638 3605 674 3669 et
691 3596 906 3688 diligentiam
926 3619 1031 3690 quam
1052 3598 1208 3693 poteritis
1227 3598 1471 3694 interponatis,
1495 3622 1626 3672 renun-

221 3720 352 3792 ciantes
365 3719 466 3792 nobis
479 3719 680 3793 litteratorie
696 3742 760 3816 per
773 3721 987 3816 presentium
1003 3722 1148 3795 latorem
1162 3722 1247 3814 quid
1262 3745 1367 3819 super
1379 3723 1447 3797 hoc
1460 3725 1623 3797 feceritis.

217 3925 220 3932 .
270 3846 383 3936 Teste,
400 3855 438 3916 ut
452 3867 568 3938 supro

1082 4103 1414 4114 m———t--a-s—

274 4340 477 4447 Henricus,
499 4369 565 4426 rex
583 4345 800 4452 Sardiniae,
821 4347 917 4428 sacri
936 4348 1084 4457 imperii
1103 4348 1143 4428 in
1162 4347 1270 4432 ltalia
1291 4349 1457 4460 legatus,
1479 4351 1629 4437 ciuibus
1675 4358 1838 4457 mag,

221 4472 436 4558 Mantuanis
462 4478 622 4560 mandat
650 4479 755 4587 quod
780 4481 935 4563 nuntios
962 4479 1075 4590 plena
1101 4491 1285 4589 potestate
1310 4481 1485 4569 suffirltos
1513 4487 1563 4569 ad
1590 4512 1630 4570 se
1718 4467 1772 4510 ¹²⁴³

259 4735 295 4810 (t)
313 4738 385 4798 llaec
398 4741 469 4815 apud
486 4743 633 4817 llymerum
646 4742 760 4817 epistola
772 4743 863 4816 deest3
882 4759 964 4818 quam
981 4743 1045 4804 alibi
1060 4745 1179 4821 reperire
1192 4761 1246 4806 non
1259 4747 1405 4822 potuimus.
