4300 5916
216 580 318 660 lantpr.
335 575 381 654 3.]
660 567 857 634 HISTORIA
882 567 1177 634 utstontrtctt.

276 1093 495 1214 Conradus,
520 1093 559 1176 in
582 1093 841 1179 Romanorum
861 1119 990 1206 regem
1015 1092 1176 1200 electus,
1198 1090 1442 1176 Guillelmum
1465 1091 1619 1175 archie-
1659 1098 1805 1196 Nm·

219 1225 420 1335 pisoopum
446 1225 687 1309 Bisuntinum
715 1226 763 1307 de
782 1224 975 1335 regalibus
1001 1223 1166 1330 investit,
1194 1234 1232 1307 44
1252 1222 1431 1308 omnibus
1465 1224 1622 1306 mandat

219 1359 316 1452 4441
335 1383 449 1467 super
466 1358 645 1442 omnibus
659 1357 811 1468 juribus
832 1357 914 1468 ejus
932 1358 1064 1442 devote
1080 1356 1291 1438 intendant.

303 1571 431 1650 (Edidit.
450 1573 649 1649 Sunsrrnosr,
663 1567 872 1653 111411414νᾶ144
892 1568 1048 1633 ortonam
1058 1571 1118 1650 su'r
1136 1569 1182 1630 dte
1199 1567 1291 1632 114441.
1309 1569 1420 1647 Garat,
1434 1577 1504 1633 4441.
1519 1570 1619 1642 Τ11411,

339 1696 371 1758 p.
389 1687 458 1750 108,
474 1688 509 1739 n·
524 1679 617 1751 LVII,
632 1695 671 1739 ex
685 1679 844 1757 dtptomate
862 1681 965 1756 imper.
981 1678 1129 1756 Rudotpht
1149 1678 1197 1755 ΙΙ,
1219 1687 1255 1738 14
1277 1677 1420 1754 septemb.
1443 1686 1536 1750 1448;
1551 1679 1620 1738 4411.

338 1801 407 1845 cum
419 1787 510 1862 coptts
526 1784 734 1845 rccsnttoribus
747 1787 779 1844 tn
795 1784 907 1844 collect.
922 1783 1009 1862 Droz,
1029 1784 1102 1844 1114.
1118 1780 1154 1844 114
1166 1780 1297 1845 tecto.
1314 1779 1348 1842 dr
1361 1783 1521 1857 omnem,
1536 1790 1558 1843 t.
1574 1783 1620 1859 11,

339 1890 393 1953 tot.
408 1899 479 1967 447,
493 1906 542 1968 ap.
557 1890 633 1952 Bibl.
648 1890 747 1953 (14444.
761 1889 869 1969 Portu.)

269 2075 463 2167 Conradus,
491 2076 563 2149 divi
585 2077 723 2170 augusti
749 2077 965 2172 imperatoris
989 2073 1099 2167 fitius,
1130 2076 1192 2148 Dei
1212 2075 1323 2169 gratia
1336 2076 1570 2148 Romanonrm
1585 2077 1621 2147 in

220 2219 338 2293 regern
366 2201 515 2290 4144444,
534 2221 670 2295 semper
694 2211 880 2293 augustus,
903 2200 1004 2272 heres
1024 2198 1122 2294 regni
1138 2199 1343 2289 Jerusalem,
1361 2199 1476 2271 Sancti
1491 2200 1621 2273 Iohan-

220 2322 275 2394 nis
291 2333 326 2394 et
348 2323 464 2394 Sancti
489 2322 655 2418 Stephani
683 2323 859 2419 capitulis,
880 2323 1083 2416 infeodatis,
1108 2322 1390 2395 ministerialibus
1405 2331 1441 2394 44
1452 2322 1623 2396 univorsis

220 2445 418 2520 hominibus
434 2448 578 2520 ecelesia
594 2449 860 2539 Bisuntinensis,
876 2449 1010 2521 dilectis
1025 2447 1185 2521 fidelibus
1200 2447 1292 2537 suis,
1311 2447 1456 2540 gratiam
1474 2469 1572 2520 suam
1589 2459 1624 2520 et

221 2591 324 2643 omne
345 2572 489 2644 bonum.
516 2571 751 2645 accedentem
770 2573 816 2646 ad
832 2573 1041 2669 presentiam
1056 2580 1209 2668 nostram
1224 2571 1458 2664 Guillelmum,
1476 2593 1623 2645 venera-
1668 2606 1675 2618 r

220 2693 323 2765 bilem
340 2694 637 2790 archiepiscopum
654 2705 808 2767 vestrum
826 2693 877 2792 (a)
889 2696 933 2768 de
949 2695 1123 2784 Bisuntio,
1142 2695 1307 2767 dilectum
1322 2704 1478 2766 nostrum
1495 2696 1622 2790 princi·

221 2837 320 2912 pern,
349 2816 481 2889 honora
512 2839 581 2910 quo
620 2819 737 2890 decuit
770 2819 986 2913 recepimus,
1022 2829 1057 2891 44
1085 2819 1169 2890 dum
1205 2819 1306 2890 nobis
1334 2818 1379 2890 de
1410 2818 1623 2891 institutione

221 2940 328 3035 ipsius
346 2942 440 3032 juste
461 2942 550 3013 taeta
570 2963 633 3036 per
648 2965 820 3014 summum
836 2942 1033 3038 pontificem
1049 2942 1277 3033 constitisset,
1297 2941 1362 3037 ipsi
1377 2943 1472 3034 regio
1488 2952 1624 3038 sceptro

221 3064 389 3156 regalium
405 3064 643 3136 investituram
657 3066 876 3159 porreximus
889 3068 992 3159 juxta
1011 3086 1141 3138 morem
1156 3064 1391 3154 Bisuntinum‚
1410 3063 1523 3158 ipsum
1543 3085 1624 3136 cum

222 3186 436 3282 plenitudine
460 3186 568 3258 nostri
595 3189 722 3260 favoris
749 3198 785 3260 44
809 3191 919 3281 gratie
933 3190 985 3274 ad
1002 3189 1141 3284 propria
1155 3189 1380 3260 remittentes.
1398 3188 1532 3260 Davote
1545 3187 1624 3258 uni·

221 3309 375 3382 versitati
396 3320 511 3381 vestre
534 3331 715 3383 monemus
728 3321 844 3384 autem
860 3311 906 3409 (d)
924 3311 1068 3384 tirmiter
1081 3311 1305 3408 precipiendo
1319 3311 1525 3384 mandantes
1537 3331 1624 3406 qua·

222 3443 323 3505 44444
347 3433 460 3505 eidem
482 3442 602 3505 nostro
625 3432 772 3530 principi
797 3457 902 3530 super
927 3436 1097 3508 universis
1119 3436 1255 3527 juribus
1276 3434 1346 3506 suis
1374 3433 1421 3505 ita
1442 3433 1568 3506 devote
1591 3445 1626 3506 et

222 3555 439 3628 concorditer
454 3556 641 3628 intendatis
653 3567 693 3628 ut
707 3558 834 3631 exinde
848 3571 963 3632 vestra
975 3559 1083 3655 possit
1094 3558 1233 3632 devotio
1242 3557 1366 3630 merito
1374 3557 1621 3630 commendari.

270 3680 393 3752 Datum
408 3679 666 3773 Nuremberge,
685 3681 818 3754 decima
834 3691 933 3755 sexta
948 3683 1042 3772 maii,
1062 3683 1162 3755 tertia
1177 3682 1378 3754 indictione.

279 4233 496 4340 Conradus,
527 4235 568 4316 in
597 4235 855 4319 Romanorum
882 4262 1010 4345 regem
1043 4234 1205 4343 electus,
1239 4235 1463 4317 sententiam
1492 4243 1624 4316 notam
1663 4267 1815 4365 nm.

224 4365 316 4449 iacit
341 4393 421 4478 qua
439 4367 664 4451 Guillelmus
687 4368 989 4477 archiepiscopus
1014 4367 1236 4451 Bisuntinus
1256 4390 1374 4448 unam
1399 4364 1482 4448 auri
1511 4389 1623 4447 mar-

266 4569 308 4649 (a)
329 4571 389 4647 Ap.
404 4569 575 4631 Sndcndort
584 4577 725 4632 nostrum.

267 4677 308 4760 (4)
330 4680 481 4740 111414444
494 4677 1108 4756 44414144444441444144114441411441444.
