4310 5908
232 640 332 702 lenter.
348 637 395 722 8.]
681 633 880 696 HISTORIA
904 629 1202 693 otrtomnulcn
1579 625 1639 688 '169

233 775 366 848 civibus
379 783 474 845 metu
488 792 635 868 persone
650 792 713 842 sue
730 770 891 866 prestitit,
911 767 1162 840 sententialiter
1182 765 1345 838 duximus
1365 764 1635 856 absolvendum,

231 908 271 969 ut
288 897 334 971 ad
349 897 626 969 observationem
641 915 762 966 earum
780 894 979 965 nullatenus
1001 891 1128 963 amodo
1150 900 1321 962 teneatur.
1340 889 1395 961 Ad
1409 889 1513 982 hujus
1534 890 1639 982 igitur

231 1022 456 1096 absolutionis
482 1031 600 1092 nostre
625 1019 826 1091 memoriam
849 1028 884 1089 et
904 1017 1063 1090 stabilem
1079 1015 1293 1106 firmitatem,
1312 1036 1455 1110 presens
1471 1015 1637 1110 scriptum

232 1145 306 1218 fieri
321 1156 357 1218 et
374 1145 561 1237 majestatis
577 1152 695 1215 nostre
711 1143 824 1236 sigillo
833 1141 999 1234 jussimus
1013 1139 1233 1212 communiri.

279 1271 406 1341 Datum
435 1269 558 1360 Fogie,
581 1288 674 1340 anno
705 1265 876 1338 dominice
904 1264 1150 1336 incarnationis
1176 1262 1360 1335 millesimo
1395 1261 1634 1335 ducentesimo

231 1391 537 1488 quinquagesimo,
557 1411 676 1462 mense
696 1389 820 1480 madii,
837 1397 959 1461 octave
981 1387 1191 1460 indictionis.

280 1949 511 2062 Fridericus,
543 1953 803 2037 Romanorum
828 1952 1049 2062 imperator,
1078 1953 1159 2062 regi
1185 1952 1368 2037 castellae
1390 1955 1635 2064 conqueritur
1684 1962 1792 2058 „1,„⁰,

228 2085 276 2167 de
296 2111 396 2195 papa
419 2087 486 2197 qui
509 2085 578 2170 sibi
610 2084 754 2168 bellum
779 2085 945 2168 inferens
967 2085 1187 2168 discrimina
1209 2085 1346 2168 Terrae
1369 2085 1527 2169 Sanctae
1553 2112 1630 2169 non

227 2219 399 2325 permisit
422 2220 571 2323 evitari,
602 2229 806 2329 monetque
831 2245 871 2302 se
898 2219 1028 2302 audito
1055 2245 1146 2301 casu
1173 2218 1274 2326 regis
1306 2219 1556 2317 Francorum,
1591 2221 1631 2301 in

227 2374 347 2460 regno
371 2351 519 2436 Siciliae
540 2378 756 2461 remanere,
774 2352 875 2436 unde
900 2351 1023 2435 eidem
1041 2354 1121 2462 regi
1140 2352 1311 2436 subsidia
1329 2351 1478 2435 facilius
1497 2363 1630 2436 trans-

227 2483 376 2566 mittere
392 2484 524 2594 possit.

309 2698 403 2779 (ultr.
415 2699 448 2760 tn
460 2697 544 2760 Petri
555 2696 590 2759 de
606 2698 672 2760 Vin.
688 2700 784 2779 epist„
798 2698 851 2760 lib.
865 2700 892 2773 1,
906 2716 972 2778 cap.
986 2699 1057 2779 xv;
1070 2698 1137 2760 coll.
1157 2715 1226 2761 cnm
1239 2701 1305 2761 cod.
1319 2699 1393 2762 Blbl.
1406 2700 1505 2762 Cesar.
1520 2697 1628 2775 Parta..

336 2803 427 2885 suada
439 2803 685 2869 Salat-Genucio
697 2801 821 2884 earm,
836 2814 870 2866 n·
883 2804 967 2885 45⁵.)

271 3019 483 3112 Fridericns,
515 3031 583 3092 etc.
615 3021 802 3092 Pensantes
834 3020 962 3095 amoris
991 3019 1170 3110 allectum,
1200 3043 1305 3117 quem
1331 3021 1377 3094 ad
1405 3043 1469 3094 vos
1491 3045 1630 3120 semper

226 3143 410 3216 habuimus
429 3145 598 3217 hactenns
617 3154 652 3217 et
671 3145 840 3218 babemus
859 3146 1016 3237 illesum,
1037 3143 1181 3217 firmiter
1197 3146 1371 3218 credimus
1393 3157 1433 3218 ut
1453 3147 1542 3220 sicot
1565 3171 1630 3223 nos

225 3267 391 3342 bonorem
437 3278 591 3341 vestrum
624 3278 661 3340 et
692 3270 875 3342 commoda
902 3269 1050 3340 libenter
1079 3270 1338 3364 amplectimur,
1375 3271 1424 3343 sic
1456 3293 1520 3344 vos
1551 3274 1629 3345 vice

224 3402 342 3464 mutua
358 3391 409 3490 (c)
424 3393 574 3486 diligatis
596 3403 633 3464 et
648 3403 784 3486 nostre,
806 3414 875 3486 que
898 3394 1050 3466 maxime
1071 3416 1211 3468 causam
1233 3404 1385 3467 vestram
1410 3397 1629 3492 aliorumque

223 3537 342 3609 regum
356 3526 392 3587 et
408 3517 602 3613 principum
616 3517 814 3589 immediate
832 3517 1063 3610 contingunt,
1082 3529 1118 3590 et
1135 3519 1172 3589 in
1188 3519 1314 3613 quibus
1330 3540 1400 3591 non
1416 3521 1530 3594 minus
1545 3543 1627 3594 ves·

224 3648 313 3710 uum
331 3661 437 3732 quam
451 3650 608 3713 nostrum
625 3641 771 3712 vertitur
787 3641 966 3713 interesse.
985 3644 1107 3714 latere
1123 3664 1186 3714 vos
1199 3642 1340 3736 quidem
1355 3644 1442 3716 forte
1459 3665 1531 3715 non
1548 3666 1625 3718 cre·

222 3762 334 3836 dimus
352 3765 500 3857 qualiter
520 3763 724 3861 pontificalis
746 3765 907 3855 ambiti0,
929 3765 965 3836 in
989 3765 1179 3862 imperialis
1198 3766 1339 3839 honoris
1359 3766 1574 3862 impendium
1591 3779 1628 3841 et

223 3885 366 3957 eliamm
390 3887 596 3980 dignitatum
617 3887 837 3977 secularium,
863 3897 986 3960 conata
1006 3898 1059 3960 est
1082 3910 1219 3983 semper
1234 3888 1401 3962 hactenns
1413 3891 1493 3983 jura
1506 3901 1626 3964 nostra

222 4010 434 4082 confundere
442 4021 478 4082 et
487 4021 604 4083 nostre
611 4011 763 4106 potentie
772 4011 914 4083 brachia
922 4012 1140 4102 conculcare,
1150 4013 1278 4084 iaciens
1288 4035 1424 4087 cassare
1432 4016 1626 4087 Romanum

223 4133 430 4230 principem,
448 4144 490 4206 ut
504 4134 549 4208 ad
568 4155 667 4226 reges
683 4144 718 4206 et
743 4135 916 4230 principes
931 4137 1016 4208 alios
1034 4137 1220 4209 faciliorem
1240 4137 1367 4210 hebeat
1389 4138 1426 4209 in
1440 4161 1502 4212 sua
1520 4139 1627 4235 cupi-

223 4255 328 4328 ditate
354 4275 587 4354 progressum.
614 4260 707 4354 Papa
726 4259 867 4354 quidem
889 4280 959 4330 non
982 4260 1168 4332 advertens
1185 4271 1272 4355 quot
1291 4271 1326 4333 et
1346 4272 1476 4355 quanta
1495 4262 1628 4336 mundo

223 4378 362 4454 dissidia
381 4403 428 4454 ex
442 4382 641 4474 hujusmodi
660 4384 855 4456 turbatione
877 4385 1100 4481 proveniant,
1121 4394 1267 4458 tractare
1287 4407 1357 4458 non
1372 4385 1497 4459 desinit
1514 4388 1627 4481 quali·

225 4513 274 4574 tor
300 4503 418 4577 hostes
442 4516 578 4578 nostros
600 4516 721 4580 contra
747 4529 812 4580 nos
833 4508 1068 4604 temporaliter
1093 4509 1234 4600 incitet,
1264 4519 1299 4582 et
1318 4509 1439 4584 fideles
1462 4532 1483 4582 a
1508 4521 1627 4585 nostra

193 4722 199 4830 J
262 4731 304 4813 (a)
327 4734 362 4794 In
376 4736 618 4798 codlcat'nm'cem·
