4310 5908
507 637 572 700 rso
1006 641 1222 704 rnrnnnror
1246 640 1420 703 sacuam
1726 639 1807 726 [ιιι.
1822 641 1913 704 raso.

629 770 720 851 ittae,
734 788 772 833 ex
793 773 859 836 eod.
878 773 956 838 atet.
974 776 1115 838 Laurent.
1133 777 1279 850 Floreat,
1296 787 1332 836 n·
1344 783 1437 850 ms,
1449 775 1543 836 edidit
1556 775 1682 840 Germ
1699 779 1829 850 Wourr,
1850 777 1916 837 νὴ

626 875 797 959 Μῶα
812 879 909 960 birse
922 880 1004 943 laia.
1021 881 1137 946 M.
1152 881 1202 945 du
1214 901 1282 956 rra,
1297 902 1328 960 p.
1347 889 1438 954 Μ
1451 885 1765 959 summasunmna
1776 887 1916 960 interpra-
2043 857 2050 872 ⁸

624 991 707 1054 tatas
725 993 783 1052 ast.
802 987 939 1053 latinam
962 1005 1044 1054 auae
1065 990 1155 1069 hutm
1177 992 1320 1056 vesum
1343 991 1507 1054 vambmm
1532 990 1618 1054 sollte
1638 992 1736 1056 mnae
1754 987 1915 1070 mmmm

628 1093 707 1176 stylo
719 1095 942 1160 &mumadam
954 1103 1066 1173 quanto
1079 1097 1186 1160 mellus
1193 1111 1353 1176 possumus
1367 1095 1566 1178 aggredimur.
1585 1096 1628 1162 Da
1639 1095 1687 1160 bls
1699 1097 1805 1162 littaris
1821 1097 1914 1158 disse·

625 1200 688 1266 ruit
701 1197 740 1258 A.
755 1201 903 1261 Reumont
919 1203 952 1261 ln
966 1199 1088 1266 archim
1101 1208 1172 1272 rtur,
1187 1198 1271 1281 Ital,
1288 1208 1312 1262 t.
1328 1201 1382 1273 lv,
1397 1217 1498 1263 narra
1510 1203 1596 1276 serta,
1610 1201 1687 1284 disp.
1702 1201 1743 1284 1.)

557 1380 763 1481 [Pridsrieus
789 1395 875 1476 eta,
905 1385 1047 1459 domino
1069 1387 1232 1460 lliohaeli
1261 1389 1418 1460 Οιιιιιιιιο
1437 1387 1604 1460 Romania
1620 1383 1787 1484 despoti]
1801 1385 1910 1464 Valde
1960 1435 1968 1444 ·

508 1507 681 1579 sinoemm
696 1528 777 1599 erga
790 1529 855 1579 nos
869 1517 967 1580 tuum
984 1530 1137 1583 amorem
1155 1510 1247 1583 eirca
1262 1532 1317 1582 res
1335 1519 1535 1606 praesentes
1547 1507 1730 1583 certificari
1748 1509 1910 1581 volumus

506 1630 601 1725 quod
617 1631 652 1702 in
668 1631 825 1703 ultimam
840 1632 1021 1705 rebellium
1036 1645 1233 1706 nostrorum
1254 1635 1577 1707 exterminationem
1596 1645 1631 1706 et
1646 1633 1816 1726 integram
1829 1633 1908 1705 des·

507 1756 712 1828 tructionem
726 1777 846 1828 eorum
860 1756 922 1851 qui
938 1757 1037 1828 nobis
1055 1779 1104 1829 ex
1118 1757 1234 1853 papali
1249 1757 1484 1832 malivolentia
1502 1758 1744 1847 adversantur,
1761 1765 1801 1827 ut
1816 1777 1908 1828 sere·

504 1879 595 1952 nitas
611 1890 727 1953 nostra
744 1880 947 1953 bellicorum
964 1881 1122 1953 laborum
1139 1881 1292 1975 quietem
1309 1880 1452 1979 recipiat
1466 1892 1502 1954 et
1515 1903 1636 1954 omnes
1649 1880 1750 1953 nobis
1763 1880 1907 1973 subjecti

504 2003 540 2076 in
554 2026 642 2108 pace
654 2014 926 2100 eommorentur,
945 2005 1149 2078 immensam
1164 2015 1376 2106 armatorum
1391 2005 1526 2107 oopiam
1539 2005 1695 2102 undique
1712 2025 1782 2076 non
1796 2004 1907 2076 solum

503 2151 525 2202 a
546 2129 734 2234 provinciis
761 2138 795 2200 et
822 2127 1019 2206 civitatibus
1038 2129 1173 2224 imperii
1193 2129 1320 2220 nostri,
1346 2115 1532 2202 sedetiam
1550 2129 1595 2201 ab
1614 2129 1775 2202 omnibus
1798 2127 1907 2200 nostri

502 2253 651 2328 nominis
666 2253 858 2325 fautoribus
871 2261 908 2324 et
921 2252 1081 2327 affinibus
1096 2253 1191 2350 apud
1207 2254 1362 2327 diversos
1374 2255 1522 2350 populos
1535 2273 1728 2326 eonvooare
1742 2253 1808 2324 sub
1821 2273 1905 2324 vere

501 2379 660 2474 proxime
674 2386 823 2450 venturo
837 2376 1072 2468 decrevimus3
1093 2399 1163 2450 non
1179 2387 1294 2449 tamen
1309 2377 1405 2470 quod
1421 2379 1513 2450 vires
1527 2377 1702 2472 potentiae
1716 2386 1856 2449 nostrae
1869 2376 1905 2447 in

498 2499 721 2574 multitudine
753 2510 789 2573 et
810 2501 966 2596 potentia
986 2501 1133 2572 militum
1160 2512 1195 2573 et
1222 2501 1378 2598 peditum
1403 2503 1447 2575 ad
1470 2513 1664 2576 extremam
1689 2499 1906 2576 inimieorum

499 2634 696 2699 nostrorum
719 2624 957 2726 confusionem
974 2624 1098 2697 alienis
1115 2625 1254 2697 auxiliis
1274 2624 1453 2718 indigeant
1470 2626 1528 2698 vel
1545 2624 1697 2698 thesauri
1713 2625 1823 2697 nostri
1845 2623 1905 2696 ali·

501 2771 606 2845 quam
631 2749 895 2822 minorationem
913 2748 1095 2840 subierint,
1118 2769 1187 2843 qua
1202 2749 1316 2820 minus
1330 2749 1552 2822 abundanter
1571 2747 1678 2844 copiis
1693 2748 1820 2821 nostris
1841 2747 1904 2819 sti·

499 2874 628 2970 pendia
652 2874 902 2965 ministrentur,
931 2873 994 2946 sed
1018 2881 1058 2945 ut
1082 2883 1229 2946 noscant
1253 2873 1444 2946 adversarii
1465 2873 1574 2947 nostri
1597 2883 1763 2966 quantam
1785 2883 1904 2945 nostra

499 2999 662 3091 majestas
683 2997 875 3093 potentiam
896 2995 1024 3068 habeat
1041 3018 1113 3069 non
1136 2998 1248 3069 solum
1271 2998 1437 3093 apopulo
1454 2997 1519 3070 sibi
1542 2997 1699 3087 subdito,
1719 2995 1903 3069 sedetiam

496 3123 544 3200 ab
565 3121 643 3198 aliis
662 3120 875 3216 principibus
899 3130 936 3196 et
951 3120 1244 3213 gubernatoribus
1261 3121 1354 3196 voris
1373 3119 1493 3198 amieis
1513 3128 1552 3198 at
1573 3119 1737 3195 affinibus
1756 3117 1900 3194 uostris.

497 3247 568 3320 Nos
584 3245 676 3318 enim
691 3266 761 3318 non
778 3245 890 3317 solum
899 3245 958 3337 jus
975 3254 1132 3317 nostrum
1150 3243 1313 3340 prosequi
1327 3244 1505 3336 volumus,
1526 3243 1589 3318 sed
1605 3244 1710 3318 etiam
1725 3240 1902 3338 proximo·

497 3393 597 3461 rum,
619 3369 808 3441 amicorum
823 3368 993 3462 nobisque
1013 3369 1300 3461 conjunctorum,
1324 3388 1413 3461 quos
1432 3390 1539 3464 purus
1557 3369 1592 3438 in
1608 3366 1742 3440 Christo
1760 3365 1902 3438 sinceri·

498 3493 579 3566 tatis
594 3493 737 3566 allectus
749 3491 848 3586 quasi
864 3490 1085 3565 contraxitin
1099 3491 1554 3586 unum‚specialiterautem
1568 3491 1718 3565 Graecos
1730 3489 1851 3562 affines
1867 3499 1904 3562 et

497 3617 627 3691 amieos
642 3626 792 3704 nostros,
810 3614 995 3708 dequibus
1011 3615 1229 3709 supradictus
1243 3615 1307 3686 iste
1317 3635 1408 3710 papa
1421 3666 1430 3704 ,
1445 3622 1589 3710 propter
1600 3614 1723 3686 foedus
1734 3622 1769 3684 et
1782 3613 1901 3686 amiei-

496 3741 580 3814 tiam
594 3763 697 3836 quam
715 3738 883 3811 habemus
897 3761 976 3810 eum
990 3738 1060 3826 eis,
1078 3737 1159 3810 lieet
1176 3737 1449 3810 christianissimi
1467 3738 1535 3810 sint
1551 3748 1586 3810 et
1603 3737 1755 3833 piissime
1771 3737 1817 3810 de
1831 3736 1902 3810 lide

496 3861 618 3938 Christi
632 3861 801 3952 sentiant,
817 3883 915 3933 suam
926 3855 1042 3959 [siout]
1054 3861 1092 3932 in
1104 3883 1170 3933 nos
1185 3860 1384 3933 effrenatam
1394 3861 1547 3953 lingnam
1560 3861 1758 3950 eommovit,
1775 3860 1904 3956 impiis·

493 3988 600 4062 shnos
613 3987 764 4066 Graecos
779 3985 948 4082 piissimos
960 4004 1091 4057 vocans
1105 3993 1141 4056 et
1155 3983 1349 4062 haereticos
1365 3985 1426 4077 qni
1442 3995 1524 4057 sunt
1536 3985 1689 4057 maxime
1697 3983 1899 4058 orthodoxi.

494 4113 549 4187 Ad
582 4113 650 4186 tals
670 4111 776 4204 igitur
807 4109 980 4184 laudabile
1007 4108 1221 4204 propositum
1244 4109 1508 4204 exequendum,
1532 4111 1775 4182 dilectissimus
1793 4131 1903 4204 gener

492 4246 614 4316 nostor
634 4235 821 4334 imperator
840 4229 1017 4306 lohannes
1042 4231 1097 4329 (t)
1118 4233 1413 4329 promptissimum
1431 4233 1592 4307 allectum
1608 4255 1715 4326 quern
1732 4253 1814 4324 erga
1835 4253 1902 4305 nos

492 4361 597 4458 gerit,
607 4359 683 4438 sins
695 4356 947 4436 intermissione
956 4355 1195 4434 demomtrare
1201 4357 1360 4460 eripiens,
1371 4378 1514 4438 turnum
1532 4377 1580 4436 ex
1595 4355 1669 4434 suis
1684 4355 1849 4434 emheriis
1864 4365 1901 4430 et

529 4663 566 4744 (t)
586 4662 679 4740 hgitm
690 4660 724 4717 ds
742 4658 863 4724 iohanne
878 4659 967 4732 Daca,
979 4659 1026 4736 qui
1039 4660 1155 4718 Vataees
1171 4674 1204 4720 ax
1215 4673 1315 4740 paeon
1332 4659 1488 4740 mgnomiue
1501 4659 1649 4732 sociatus,
1665 4657 1694 4714 in
1707 4656 1792 4732 ipsius
1802 4655 1900 4717 Fride·

492 4761 542 4821 riei
555 4758 652 4820 litteris
665 4757 748 4816 etiam
761 4756 950 4831 Calojohmues
963 4757 1125 4814 nominatur.
