4306 5914
523 582 585 646 692
1022 581 1236 646 salosulct
1261 582 1435 646 secubo!
1743 583 1825 666 [Ass.
1843 584 1932 647 1249.

523 719 699 794 civitatem
715 729 751 793 et
765 719 930 794 diocesim
944 729 1040 793 tuam
1053 721 1278 817 solempniter
1293 720 1448 817 publicos
1464 727 1500 792 et
1513 719 1618 793 iacias
1631 719 1812 816 publicari,
1823 721 1936 795 donee

522 845 710 918 vexatione
733 845 946 918 intellectum
969 866 1034 918 suo
1057 845 1192 918 auditui
1214 845 1386 918 tribuente
1408 844 1454 918 ad
1476 844 1645 917 unitatem
1667 845 1934 918 ecclesiasticam

523 979 718 1043 revertatur
731 979 767 1042 et
781 979 903 1043 contra
920 969 1115 1066 predictum
1128 971 1165 1043 F.
1181 981 1347 1064 tanquam
1363 969 1601 1043 adversarium
1616 968 1698 1042 fidei
1716 980 1752 1042 et
1767 969 1937 1043 libertatis

523 1093 753 1167 ecclesiastice
764 1095 1186 1190 subversoromrecipiens
1201 1095 1338 1188 signum
1352 1094 1476 1186 crucis,
1486 1093 1654 1186 ecclesiis,
1672 1095 1889 1167 monasteriis
1900 1103 1937 1166 et

522 1217 600 1290 aliis
615 1216 682 1313 piis
696 1218 780 1291 locis
794 1240 837 1291 ac
849 1219 983 1291 clericis
996 1220 1198 1292 earumdem
1212 1219 1360 1292 civitatis
1374 1229 1409 1292 et
1424 1218 1571 1292 diocesis
1585 1219 1711 1312 injuste
1726 1219 1842 1292 ablata
1861 1241 1934 1291 res·

527 1339 627 1413 tituat
653 1342 757 1414 etde
783 1340 944 1437 dampnis
973 1351 1009 1415 et
1036 1343 1170 1436 injuriis
1195 1343 1355 1436 irrogatis
1383 1342 1652 1416 satisfactionem
1680 1352 1934 1438 competentem

525 1463 708 1556 exhibeat,
727 1475 766 1538 ut
784 1475 934 1540 tenetur.
954 1467 1010 1540 Ad
1025 1458 1091 1540 bec
1103 1466 1265 1539 volumus
1283 1477 1319 1539 et
1333 1467 1395 1540 tibi
1412 1467 1617 1540 auctoritate
1633 1467 1846 1562 presentium
1862 1467 1933 1540 dis-

525 1590 625 1663 tricte
652 1589 864 1684 injungimus
888 1601 929 1663 ut
953 1601 1073 1665 contra
1102 1591 1215 1687 ipsum
1242 1591 1368 1665 ducem
1397 1601 1562 1686 tanquam
1588 1591 1756 1664 adversus
1780 1591 1934 1664 Ecclesie

524 1713 762 1787 adversarium
775 1715 995 1787 manifestum
1010 1716 1045 1787 in
1060 1715 1161 1788 dictis
1176 1714 1316 1788 civitate
1331 1737 1373 1789 ac
1390 1715 1519 1788 diocesi
1533 1716 1679 1788 verbum
1696 1716 1808 1788 crucis
1822 1716 1937 1812 predi·

525 1859 584 1912 ces
600 1849 636 1911 et
651 1839 756 1911 iacias
774 1839 957 1934 predicari,
973 1861 1050 1912 eam
1071 1841 1138 1911 illis
1154 1841 1214 1933 qui
1237 1839 1349 1912 crucis
1365 1849 1542 1936 assumpto
1559 1840 1739 1934 signaculo
1755 1861 1935 1935 processe·

462 2041 467 2050 ,
525 1963 596 2036 rint
610 1972 731 2037 contra
744 1985 825 2035 eum
842 1965 878 2036 in
892 1963 1092 2058 hujusmodi
1114 1964 1269 2059 nequitia
1285 1965 1539 2060 persistentem,
1556 1986 1698 2037 suorum
1714 1975 1934 2059 peccatorum

524 2087 665 2160 veniam
680 2087 904 2160 concedendo
920 2109 988 2180 que
1004 2088 1260 2160 transeuntibus
1276 2087 1312 2160 in
1328 2089 1431 2162 Terre
1440 2090 1565 2161 Sancte
1579 2087 1772 2161 subsidium
1786 2087 1822 2158 in
1836 2109 1936 2180 gene·

526 2212 590 2284 nali
603 2212 750 2286 concilio
764 2220 817 2284 est
832 2233 1008 2286 concessa.

575 2337 701 2410 Datum
717 2335 890 2429 Lugduni,
900 2337 972 2410 Vlll
986 2336 1065 2411 idus
1078 2337 1255 2430 februarii,
1269 2357 1362 2412 anno
1375 2339 1446 2412 ΥΡ.

728 2627 899 2639 ’κιαι-ἰ-
906 2629 1550 2641 -ιφι--σ-ι-ο-ιι--υ--ν--ι-ι--υ-..υ-
1556 2633 1716 2643 -o-——n-n

582 2900 818 3010 Willelmus,
855 2903 1114 2988 Romanorum
1152 2929 1241 3012 rex,
1274 2905 1493 2990 Innocentio
1525 2931 1645 3014 popae
1672 2905 1933 3017 juramentum

529 3046 694 3150 praestat
711 3039 816 3149 quod
843 3063 977 3124 omnes
1001 3039 1257 3148 possessiones
1275 3051 1312 3122 et
1326 3039 1416 3149 jura
1432 3039 1626 3122 Romanae
1650 3037 1838 3122 Ecclesiae
1865 3061 1935 3144 pro

529 3199 640 3284 posse
676 3172 935 3256 manutenebit
961 3173 1072 3283 eique
1100 3173 1171 3258 erit
1204 3171 1356 3282 adjutor
1384 3175 1434 3258 ed
1464 3199 1626 3284 regnum
1656 3172 1804 3256 Siciliae
1834 3171 1934 3254 reti-

528 3309 697 3392 nendum
715 3317 753 3390 et
770 3307 1065 3390 defendendum.

608 3523 704 3602 (Edit.
719 3541 768 3603 ap.
784 3525 899 3600 Puera,
915 3523 1042 3586 Monens
1062 3523 1159 3587 Gom.
1174 3523 1290 3602 lictor„
1305 3530 1330 3585 t.
1345 3524 1400 3602 1v,
1416 3540 1447 3602 p.
1464 3523 1548 3604 885.)

575 3717 614 3787 ln
641 3712 782 3787 nomino
810 3723 928 3786 sancte
957 3723 993 3785 ct
1022 3711 1201 3785 individue
1228 3711 1414 3783 Trinitatis.
1443 3711 1516 3804 Ego
1536 3709 1730 3782 Willelmus
1746 3709 1807 3780 Dei
1824 3709 1936 3802 gratia

526 3843 759 3914 Romanorum
773 3861 838 3911 rex
850 3847 886 3910 et
901 3859 1039 3934 semper
1049 3847 1231 3930 augustus,
1249 3836 1309 3909 tibi
1324 3836 1464 3908 domino
1478 3856 1558 3907 meo
1569 3833 1784 3906 sanctissimo
1798 3845 1833 3904 et
1847 3833 1937 3929 patri

527 3965 704 4040 mussimo
719 3963 921 4038 Innocentio
937 3985 1027 4060 pape
1044 3963 1088 4035 lV
1111 3963 1246 4056 tuisque
1265 3961 1522 4034 successoribus
1545 3970 1579 4031 et
1596 3957 1748 4031 Eoo-lesio
1762 3961 1933 4049 Romane,

528 4090 746 4188 presentibus
766 4089 966 4185 subscriptis
990 4088 1202 4184 principibus
1225 4087 1359 4182 imperii
1381 4097 1416 4158 et
1436 4085 1627 4174 nobilibus,
1644 4085 1815 4179 spondeo,
1834 4084 1935 4178 polli-

527 4237 622 4306 ceor,
639 4215 802 4311 promitto
821 4223 856 4286 ct
867 4215 948 4308 juro
966 4213 1062 4308 quod
1076 4234 1197 4286 omncs
1213 4211 1460 4308 possessiones,
1477 4209 1626 4282 honores
1641 4219 1676 4280 et
1688 4209 1768 4301 jura
1781 4209 1935 4280 llomane

526 4339 678 4414 Ecclesie
707 4361 770 4435 pro
800 4360 902 4434 posse
931 4359 1009 4409 meo
1037 4335 1224 4408 bonafide
1253 4346 1431 4430 protegam
1457 4346 1492 4406 et
1514 4334 1673 4406 servabo.
1702 4331 1937 4404 Possessiones

527 4475 647 4538 autem
664 4485 751 4557 quas
766 4462 919 4535 Ecclesia
932 4462 1086 4534 llomana
1100 4461 1320 4555 recuperavit
1335 4460 1462 4532 liberas
1480 4469 1515 4532 et
1532 4459 1666 4554 quietas
1679 4457 1745 4528 sibi
1764 4455 1935 4527 dimittam

528 4599 565 4662 et
580 4589 689 4683 ipsam
704 4586 750 4660 ad
768 4609 825 4660 eas
842 4586 1040 4660 retinendas
1059 4584 1236 4659 bonafide
1249 4585 1399 4678 juvabo;
1420 4606 1506 4678 quas
1520 4595 1637 4655 autem
1659 4581 1815 4654 nondum
1836 4602 1935 4652 recu·

528 4713 678 4810 paravit,
690 4711 829 4807 adjutor
846 4733 906 4785 ero
924 4711 970 4785 ad
981 4709 1272 4806 recuperandum,
1288 4721 1323 4782 et
1332 4718 1614 4806 recuperatarum
1628 4706 1820 4780 secundum
1834 4725 1935 4802 posse
