4300 5916
346 749 965 940 CONRIIDI
1033 749 1558 981 QUARTI

640 1100 680 1156 III
702 1097 1097 1159 nominenumine!
1119 1097 1257 1158 ennom

410 1443 411 1446 ,
501 1327 848 1440 HISTORIA
885 1327 1394 1435 DIPLOIIIITICII.

673 1654 1225 1710 *⁴03⁸*—

628 1921 740 1986 Anno
763 1921 1181 1987 1241.-1nn1cT10nn
1208 1923 1261 1988 lt.

864 2143 1027 2156 —u—

297 2345 495 2430 Comedus
530 2346 570 2427 in
606 2323 866 2430 Remenorum
902 2369 1030 2454 regem
1070 2342 1212 2428 electus
1251 2343 1340 2427 duci
1376 2344 1425 2427 de
1459 2343 1646 2458 Limhurg

242 2479 400 2562 mandet
417 2479 520 2589 quod
540 2478 571 2560 si
591 2477 825 2562 coloniensis
849 2475 990 2561 electus
1008 2487 1175 2560 castrum
1193 2475 1297 2586 apud
1313 2475 1505 2588 Remsgen
1529 2479 1642 2562 sedi-

241 2612 354 2696 ficare
376 2610 557 2716 voluerit,
576 2609 673 2693 illud
692 2621 771 2695 toto
788 2634 900 2719 posse
917 2609 1112 2720 impediet.

1727 2362 1795 2418 nnn,

1672 2416 1697 2461 11
1711 2417 1848 2472 uetueris.

323 2821 426 2900 (Edld.
440 2819 576 2898 eunus„
590 2815 659 2881 God.
676 2815 795 2898 diplom.
810 2817 957 2898 Moqnnt„
972 2822 996 2878 t.
1012 2815 1054 2892 11,
1069 2833 1137 2895 pm
1149 2815 1197 2895 11,
1210 2833 1241 2896 p.
1253 2825 1325 2899 941,
1339 2835 1378 2880 ex
1391 2818 1600 2900 autographo.)

288 3004 465 3084 conradus
482 3005 554 3081 divi
570 3005 707 3099 angusti
725 3003 940 3102 imperatoris
960 3001 1125 3078 Fn'den'ci
1140 3001 1252 3098 filius,
1269 3005 1332 3079 Dei
1345 3007 1455 3099 gratie
1471 3007 1642 3085 Romano·

240 3155 318 3207 rum
333 3133 370 3204 in
388 3151 506 3225 regem
524 3131 655 3203 electus
670 3151 808 3225 semper
821 3139 988 3221 augustus
999 3139 1035 3201 et
1047 3129 1149 3202 heres
1162 3129 1260 3220 regni
1272 3131 1482 3224 Ierusalem,
1500 3131 1581 3206 dnei
1596 3134 1643 3208 do

240 3257 417 3347 Limbnm,
448 3251 543 3327 fideii
569 3263 605 3326 et
628 3251 887 3345 consanguineo
906 3272 990 3343 suo,
1012 3251 1158 3345 gratiam
1183 3273 1282 3326 suam
1304 3263 1339 3326 et
1364 3275 1469 3328 omne
1493 3255 1639 3332 bonnm.

239 3379 457 3456 confidentes
474 3378 521 3451 de
540 3387 599 3451 tue
620 3377 829 3467 constantie,
853 3397 1014 3469 mgemus
1033 3385 1164 3449 attente
1183 3387 1355 3472 quatenus
1374 3377 1404 3452 si
1428 3380 1642 3456 emoniensis

240 3506 371 3579 eiectus
390 3501 533 3597 aliquod
555 3511 706 3574 mstmm
727 3500 822 3596 apud
836 3499 978 3593 ffimge
1001 3497 1057 3596 (I)
1074 3497 1236 3574 edificare
1254 3502 1474 3595 eogiuverit,
1496 3505 1641 3580 utillud

239 3628 407 3726 impedias
425 3635 498 3699 toto
515 3645 629 3721 posse,
649 3623 738 3698 sicut
754 3623 899 3720 imperio
915 3646 952 3696 es
967 3623 1140 3715 astrictus,
1159 3631 1194 3696 et
1208 3623 1422 3700 Gerhardum
1436 3627 1481 3702 de
1495 3628 1641 3706 Sineehe

238 3754 312 3826 sine
330 3762 390 3825 tuo
406 3761 522 3823 tamen
537 3749 688 3844 dampno
704 3747 741 3819 in
756 3747 884 3820 nostris
896 3747 1043 3840 negotiis
1055 3747 1186 3821 habeas
1196 3749 1491 3824 sommendatum.
1690 3723 1695 3735 ¹

285 3877 410 3950 natum
423 3873 518 3971 apud
532 3873 609 3946 Hali
621 3926 631 3965 ,
645 3871 693 3946 xi
708 3871 932 3970 septembris,
950 3871 1040 3944 XIIII
1051 3871 1260 3946 indictionis.

293 4315 491 4410 Comedus
520 4319 561 4400 in
592 4318 851 4403 Romanorum
881 4346 1009 4431 regem
1038 4320 1178 4405 electus
1204 4320 1408 4432 burgravio
1435 4324 1483 4406 de
1511 4323 1637 4406 Ham-
1666 4391 1694 4436 ι,
1707 4337 1846 4448 ‚ffim

239 4441 437 4557 nerstein,
458 4450 766 4535 ministerialibus
783 4462 820 4534 et
832 4452 979 4561 imperii
1001 4451 1199 4561 fidelibus,
1225 4453 1383 4536 mandet
1403 4456 1508 4564 quod
1523 4456 1640 4566 Ijuxta

274 4714 310 4786 (t)
328 4714 435 4774 sedicet
447 4717 591 4791 demones,
610 4733 692 4791 super
702 4718 815 4782 lienum.
831 4718 917 4777 tribus
928 4719 1011 4778 Ieueis
1023 4721 1116 4778 Bunna
1129 4719 1243 4778 distem.
