4310 5908
508 609 570 674 802
600 671 606 678 ,
1009 605 1224 669 FlllllElllGl
1248 605 1422 668 sscitant
1727 602 1811 681 [dn.
1829 601 1916 666 1250.

510 747 667 818 libellum
682 741 863 840 proposuit
878 742 915 812 in
931 739 1025 814 hunc
1040 742 1182 814 modum
1202 768 1210 812 :
1230 741 1395 836 Proponit
1409 740 1584 813 lohannes
1603 739 1737 812 Gallina
1753 759 1917 835 procura·

510 879 566 942 tor
581 868 711 942 domini
726 866 882 958 Gregorii
889 865 1057 958 Mustacii,
1070 843 1169 960 ¹quod
1179 866 1345 956 constitit,
1355 875 1476 938 contra
1486 865 1653 939 Iacobum
1662 863 1832 936 Glen'cum
1842 885 1918 960 pm·

509 1002 705 1064 curatorem
729 990 860 1063 domini
880 989 1055 1062 Paeteusis
1084 973 1252 1085 episcopi,
1278 989 1322 1063 de
1338 1010 1409 1084 quo
1425 988 1582 1061 similitor
1604 988 1778 1078 constitit,
1799 987 1917 1062 dicens

510 1115 606 1208 quod
622 1135 701 1186 cnm
719 1113 813 1186 idem
829 1113 1015 1207 Gregorius
1037 1123 1170 1185 teneret
1192 1124 1228 1186 at
1245 1113 1439 1209 possideret
1458 1134 1504 1184 ex
1526 1112 1619 1185 dono
1642 1119 1678 1183 et
1694 1111 1915 1184 concessione

510 1239 643 1313 domini
661 1239 770 1311 nostri
787 1236 997 1310 serenissimi
1019 1237 1237 1332 imperatoris
1259 1238 1373 1310 casale
1396 1239 1521 1310 Sancte
1539 1236 1642 1309 Lucio
1659 1257 1737 1309 cum
1757 1236 1918 1308 omnibus

506 1365 657 1459 juribus,
669 1363 811 1456 justitiis
825 1372 861 1433 et
872 1361 1090 1457 pertinentiis
1104 1361 1189 1454 suis,
1208 1372 1392 1458 propterea
1406 1361 1489 1456 qnia
1499 1361 1579 1434 lieet
1594 1361 1630 1432 in
1640 1361 1798 1432 Pactensi
1811 1361 1919 1432 cocle·

510 1490 560 1561 sia
577 1487 624 1560 ad
645 1509 750 1581 quam
770 1487 884 1583 ipsum
905 1489 1018 1559 casale
1035 1487 1208 1583 pertinere
1226 1486 1440 1580 dignoscitur
1457 1489 1540 1558 tunc
1556 1495 1648 1558 esset
1667 1487 1816 1576 electus,
1837 1484 1919 1578 qnia

511 1623 627 1685 mmen
650 1613 790 1709 planam
810 1612 1144 1685 administrationem
1160 1633 1232 1684 non
1252 1610 1404 1684 babebat
1424 1610 1531 1706 ipsius
1550 1611 1689 1698 casalis,
1712 1609 1851 1682 collatio
1871 1609 1918 1682 ad

511 1736 690 1809 dominum
719 1745 876 1808 nostrum
905 1735 1148 1830 imperatorem
1173 1735 1351 1830 spectabat
1378 1756 1424 1807 ex
1450 1734 1593 1828 antiqua
1619 1733 1787 1826 dignitate
1810 1753 1915 1826 qnam

510 1861 618 1934 babet
630 1861 667 1932 in
683 1859 837 1933 ecclesiis
852 1858 1056 1931 vacantibus
1069 1859 1184 1952 regni,
1206 1859 1294 1931 sicut
1305 1859 1493 1955 imperialis
1510 1859 1672 1951 majestas
1685 1856 1721 1928 in
1737 1856 1916 1952 privilegio

510 1984 638 2058 exinde
655 1985 721 2056 sibi
746 1983 883 2055 indulto
899 2004 971 2055 non
989 1982 1036 2055 ad
1058 1983 1347 2079 supplicationem
1363 1982 1472 2079 ipsius
1491 1982 1663 2075 Gregorii,
1682 1981 1745 2054 sed
1761 2003 1809 2054 ex
1821 2002 1918 2053 mera

510 2109 717 2181 liberalitate
742 2129 804 2178 sua
828 2106 1010 2178 manifeste
1036 2106 1208 2196 declarat,
1226 2107 1319 2179 idem
1339 2106 1500 2179 dominus
1522 2106 1706 2202 episcopus
1728 2126 1916 2200 suggerens

509 2232 678 2326 imperiali
695 2231 867 2322 majestati
884 2231 980 2325 quod
1001 2229 1123 2302 eadem
1143 2231 1290 2303 ecclesia
1304 2252 1374 2304 non
1392 2243 1534 2306 vacaret
1553 2243 1708 2327 tempore
1724 2230 1914 2303 concessio-

509 2357 564 2428 nis
572 2355 679 2451 ipsius
691 2364 726 2427 et
739 2365 860 2426 contra
871 2376 993 2425 verum
1005 2375 1163 2427 asserens
1172 2355 1207 2426 in
1222 2355 1345 2428 eadem
1362 2357 1511 2428 electum
1522 2365 1558 2427 et
1571 2352 1811 2427 confirmatum
1825 2375 1914 2444 esse,

509 2479 658 2553 obtinuit
676 2489 711 2551 et
727 2478 926 2575 impetravit
941 2477 1072 2550 litteras
1086 2479 1282 2575 imperiales
1296 2480 1341 2552 ad
1357 2479 1519 2551 comitem
1533 2480 1671 2552 Caserte
1691 2477 1743 2577 (o)
1760 2488 1799 2550 nl
1813 2501 1917 2574 super

508 2604 575 2676 boo
590 2604 735 2676 veritate
751 2602 887 2696 quesita
903 2602 932 2674 si
948 2603 993 2674 de
1014 2604 1235 2696 suggestione
1254 2605 1344 2676 lacta
1359 2625 1424 2699 ρετ
1438 2603 1601 2678 eumdem
1618 2604 1818 2699 episcopum
1833 2624 1916 2676 con·

509 2738 629 2819 staret,
638 2727 891 2824 possessionem
906 2725 1015 2821 ipsios
1031 2727 1154 2800 casalis
1168 2728 1232 2800 sibi
1246 2728 1462 2818 restitueret3
1477 2737 1514 2800 et
1528 2728 1577 2800 sic
1592 2728 1686 2800 idem
1701 2749 1830 2819 comes,
1841 2728 1917 2822 ipso

508 2850 673 2943 Gregorio
694 2851 837 2922 absente
861 2859 896 2922 et
915 2871 987 2922 non
1006 2850 1111 2922 citato
1131 2872 1246 2944 neque
1267 2851 1420 2945 legitime
1435 2862 1559 2924 vocato
1580 2861 1616 2924 at
1633 2853 1709 2944 ejus
1726 2852 1916 2925 rationibus

508 2973 687 3063 inauditis,
702 2973 883 3046 mandavit
904 2975 1066 3046 eumdem
1078 2975 1279 3069 Gregorinm
1301 2975 1442 3048 destitui
1463 2977 1679 3071 possessione
1700 2977 1821 3048 casalis
1836 2997 1916 3072 pre-

509 3097 592 3170 dicti
632 3107 667 3168 et
702 3097 870 3189 assignari
909 3118 987 3169 cam
1023 3099 1113 3194 parti
1148 3099 1231 3172 dieti
1267 3099 1419 3196 episcopi
1454 3122 1517 3196 per
1552 3100 1732 3173 dominum
1764 3100 1916 3192 Gugliel-

509 3242 604 3293 mum
622 3222 795 3293 Villanum
805 3221 1030 3314 justitiarium
1047 3223 1084 3293 in
1102 3223 1216 3296 Sicilia
1238 3224 1324 3296 citra
1343 3224 1474 3296 llumen
1495 3225 1656 3297 Salsum:
1679 3225 1739 3320 qui
1757 3223 1917 3297 dominus

509 3345 721 3438 Guglielmns
739 3344 901 3416 eumdem
916 3344 1119 3436 Gregorinm
1140 3347 1357 3442 possessione
1375 3349 1498 3422 casalis
1518 3348 1627 3443 ipsius
1640 3348 1814 3439 destituit,
1831 3348 1917 3420 assi·
2042 3348 2045 3355 ’

509 3489 620 3561 gnane
646 3489 723 3540 eam
746 3469 839 3564 parti
860 3469 1013 3564 episcopi
1037 3472 1234 3558 memorati3
1261 3481 1297 3544 et
1318 3472 1367 3546 sic
1384 3472 1478 3545 idem
1500 3473 1686 3566 Gregorius
1701 3474 1917 3568 possessione

510 3591 594 3664 dicti
614 3591 736 3664 casalis
757 3591 823 3663 fnit
836 3613 899 3687 per
923 3593 1084 3684 injuriam
1103 3593 1306 3685 destitutus,
1324 3597 1508 3691 presertim
1530 3618 1610 3670 com
1626 3597 1719 3668 idem
1734 3597 1917 3692 episcopus

509 3723 590 3786 ante
606 3713 762 3810 predicta
774 3724 931 3810 tempora
944 3715 1138 3811 impetratis
1151 3718 1326 3790 litterisah
1340 3719 1511 3814 imperiali
1520 3721 1699 3812 majestate
1711 3721 1808 3814 quod
1823 3720 1916 3794 idem

509 3837 695 3931 Gregorius
709 3838 756 3910 ad
773 3839 988 3933 imperialem
1004 3841 1136 3912 curiam
1150 3842 1249 3913 citari
1265 3843 1425 3934 deberet,
1440 3865 1521 3916 cum
1536 3844 1698 3918 dominus
1713 3855 1831 3917 noster
1846 3845 1918 3917 feli-

510 3961 595 4032 citer
610 3970 731 4054 ageret
746 3961 784 4033 in
797 3963 953 4058 partibus
967 3964 1173 4038 lombardie
1191 3962 1259 4061 (l),
1275 3967 1321 4039 ad
1339 3968 1606 4042 transactionem
1622 3991 1701 4042 cum
1720 3969 1797 4064 ipso
1814 3969 1917 4042 deve-

551 4103 592 4184 (α)
615 4108 648 4167 ln
663 4109 803 4183 lmpresso
819 4106 926 4186 Caput,
939 4108 1027 4169 male.

516 4252 1335 4266 ,Μαι-

546 4339 581 4411 (tl
601 4337 709 4396 Scilicet
725 4354 796 4396 anno
809 4341 893 4410 4248,
912 4350 941 4396 ut
954 4347 1045 4398 monet
1058 4341 1206 4414 llongitore
1225 4361 1231 4397 :
1253 4343 1345 4400 Notit.
1361 4361 1421 4418 cop.
1441 4345 1508 4419 moi.
1523 4345 1555 4404 S.
1569 4347 1669 4404 bisiae
1685 4346 1717 4404 de
1731 4347 1857 4419 dilictio,
1869 4361 1915 4420 ap.

512 4435 595 4492 Sicil.
610 4451 694 4504 socc,
711 4435 750 4505 ll,
769 4439 847 4494 l335.
863 4437 957 4494 Pirrus
973 4445 1064 4494 antem
1077 4444 1105 4495 et
1118 4438 1176 4512 ipse
1199 4440 1371 4512 llongitoriua
1389 4443 1587 4500 concessionem
1601 4445 1714 4502 Sanctae
1735 4445 1832 4502 Laome
1849 4445 1917 4502 Gre-

509 4532 585 4604 gorio
598 4532 696 4590 lactam
710 4535 744 4589 ad
759 4549 822 4588 ann.
840 4537 909 4592 tate
924 4541 952 4591 et
969 4537 1177 4593 transactionem
1194 4537 1228 4595 da
1245 4538 1350 4595 duobus
1367 4538 1485 4596 millibus
1505 4548 1662 4598 tarenorum
1681 4542 1775 4600 initam
1796 4543 1831 4600 ad
1851 4557 1915 4600 ann.

510 4633 580 4688 ⁴228
594 4629 646 4686 sub
660 4631 759 4687 lacobo
772 4633 897 4689 Pactonsi
911 4632 1038 4706 episcopo
1051 4633 1182 4705 celerum
1198 4635 1271 4708 quod
1284 4636 1362 4693 valde
1375 4636 1453 4694 nobis
1467 4638 1578 4696 dubium
1591 4640 1707 4711 videtur,
1719 4640 1825 4698 dnmex
1835 4655 1918 4714 prae-

509 4727 580 4786 senti
590 4727 752 4785 documento
766 4735 853 4802 pateat
866 4729 917 4786 sub
930 4729 1042 4804 Philippi
1056 4732 1210 4805 praesulatu
1225 4733 1299 4790 litem
1311 4741 1433 4792 exomni
1446 4736 1525 4792 droul
1540 4744 1569 4794 et
1580 4737 1695 4794 dameam
1709 4737 1799 4796 luisse.
