4310 5908
225 651 328 710 lmcr.
343 647 390 727 8.]
673 643 873 709 HISTORIA
897 645 1191 709 olruouhuics.
1571 643 1628 707 '161

100 869 105 880 Ι
227 785 368 856 armatis
384 782 507 855 adnos
523 781 697 854 dominare
714 791 888 876 procurat.
907 782 992 856 Cum
1007 793 1124 855 autem
1141 803 1204 880 per
1217 793 1334 879 partes
1349 793 1426 855 tuas
1433 781 1500 854 viri
1508 781 1556 854 ad
1563 802 1630 854 uos

226 909 276 979 sic
297 907 458 982 destinati
477 905 623 978 transire
643 905 814 998 debeant,
838 915 936 978 hrum
956 907 1131 980 sincerum
1145 927 1302 980 amorem
1324 926 1428 1000 quem
1445 907 1578 977 clarum
1597 914 1633 978 et

225 1031 468 1104 inconcussum
488 1050 626 1124 semper
647 1049 853 1102 conservare
879 1031 1059 1122 volumus,
1085 1031 1314 1126 deprecamur
1340 1041 1511 1126 quatenns
1537 1030 1632 1125 ipsos

225 1176 290 1250 per
306 1164 423 1249 partes
441 1163 518 1226 tuas
537 1155 669 1245 salvos,
690 1174 831 1225 securos
854 1164 891 1224 et
907 1153 1088 1226 indemnes
1107 1175 1217 1248 usque
1231 1153 1460 1250 Dyrrachium
1485 1153 1631 1226 transire

226 1279 425 1374 permittas,
445 1277 534 1352 dans
550 1277 602 1350 eis
626 1287 769 1373 propter
791 1278 938 1370 gratiam
953 1289 1107 1351 nostram
1123 1279 1305 1352 consilium
1324 1288 1361 1351 et
1373 1278 1544 1350 auxilium
1559 1297 1631 1371 quo

225 1403 272 1476 ad
300 1403 394 1475 hunc
421 1405 536 1475 locum
561 1423 667 1494 mam
699 1402 767 1474 cito
798 1403 1016 1498 perveniant.
1043 1404 1132 1475 Ecce
1161 1402 1255 1476 euim
1281 1423 1391 1476 naves
1416 1402 1562 1475 idoneas
1584 1402 1631 1475 ad

224 1527 454 1624 Dpnuchium
471 1526 746 1618 transmittimus,
763 1526 858 1600 uude
871 1526 976 1599 iidem
992 1525 1038 1600 ad
1054 1527 1286 1601 Brundusium
1299 1527 1466 1600 accedere
1483 1527 1628 1623 possint.

1216 1839 1420 1850 n———m-

278 2117 510 2228 Fridericus,
540 2119 798 2202 Romanorum
830 2117 1049 2227 imperator,
1082 2117 1234 2200 cuidam
1261 2117 1456 2226 capitaneo
1483 2117 1628 2226 scribit,
1761 2199 1791 2232 a

225 2265 268 2334 ut
305 2263 411 2360 paret
450 2278 490 2334 se
524 2252 573 2334 ad
604 2252 884 2360 procedendum
914 2276 1004 2333 cum
1034 2250 1118 2359 ipso
1150 2260 1282 2334 contra
1312 2251 1507 2358 inimicos,
1541 2279 1630 2334 cum

225 2385 475 2494 quantitatem
511 2384 768 2467 archeriorum
804 2410 828 2466 a
864 2382 1121 2493 Calojohanue
1156 2409 1297 2493 genero
1336 2409 1406 2468 suo
1448 2385 1631 2494 acceperit

224 2517 423 2627 multaque
459 2517 534 2600 alia
569 2517 757 2626 praesidia
791 2516 840 2599 ad
883 2526 1090 2599 extremam
1130 2515 1393 2600 confusionem
1430 2516 1630 2600 rebellium

223 2651 515 2763 praeparaverit.
648 2651 655 2665 '

306 2865 401 2946 (tat.
420 2869 452 2928 ln
470 2865 554 2928 Petri
568 2863 603 2928 dc
622 2865 686 2926 Vin.
702 2865 798 2946 epist..
815 2864 867 2926 lib.
882 2865 928 2940 11;
943 2881 1009 2942 cap.
1029 2863 1088 2938 1x;
1105 2863 1172 2924 coll.
1197 2880 1265 2926 curu
1285 2864 1408 2924 codlclb.
1428 2863 1505 2926 Bibl.
1527 2865 1626 2928 Cesar.

343 2970 551 3052 Purls.,sottdt
564 2971 805 3038 sator-German
820 2968 944 3050 flarlep,
960 2982 993 3031 n·
1006 2980 1077 3044 455,
1092 2967 1220 3049 etsondr
1233 2971 1440 3050 Notae-Dama,
1458 2983 1491 3032 u⁰
1505 2980 1580 3052 202;
1595 2974 1628 3034 lu

344 3079 444 3140 codice
454 3079 660 3156 Pblllippsensi
670 3080 775 3140 titulus
787 3079 829 3138 lta
838 3087 977 3139 mutatur
987 3095 996 3137 τ
1005 3073 1175 3137 thdcrlcus
1185 3073 1252 3137 duci
1264 3076 1422 3138 Cercetius
1425 3097 1443 3156 ,·
1457 3079 1537 3155 quod
1543 3077 1630 3142 nobis

344 3185 489 3247 absonum
502 3186 644 3261 affletur.)
1359 3197 1363 3208 ·

272 3375 413 3452 Plenam
430 3373 516 3446 dant
528 3372 629 3448 uobis
643 3372 808 3472 preterita
824 3369 987 3446 fiduciam
1004 3371 1207 3466 defuturis,
1225 3382 1284 3464 ut,
1300 3371 1389 3444 sicut
1408 3381 1442 3444 te
1459 3372 1627 3445 hacteuus

224 3519 271 3574 ex
294 3496 365 3574 lide
393 3498 596 3596 precipuum
619 3507 654 3570 et
685 3519 732 3572 cx
761 3477 929 3570 industria
964 3496 1150 3593 specialem
1181 3517 1319 3592 semper
1349 3496 1547 3570 invenimus
1581 3498 1628 3571 ad

223 3623 441 3718 beneplacita
471 3631 588 3694 nostra
625 3631 804 3716 paratum,
840 3620 888 3693 sic
924 3621 1041 3693 nativa
1078 3631 1136 3693 tue
1176 3619 1370 3694 devotionis
1403 3633 1627 3698 excrescente

224 3747 436 3837 constantia,
454 3767 661 3841 quecunque
678 3754 835 3818 nostrum
857 3754 892 3817 et
909 3742 1044 3840 imperii
1060 3743 1229 3816 honorem
1247 3742 1457 3839 respiciunt,
1478 3742 1627 3817 fideliter

224 3879 259 3948 et
277 3870 423 3946 sollicite
444 3869 614 3966 promptis
629 3869 811 3943 affectibus
827 3867 1024 3964 exequaris.
1047 3868 1132 3940 Cum
1159 3867 1263 3959 igitur
1281 3867 1494 3962 presentium
1518 3889 1627 3960 nego·

223 3994 354 4068 morum
370 4003 406 4068 et
426 4005 621 4089 temporum
636 3992 785 4086 qualitas
806 3992 924 4084 exigat
939 3989 1059 4066 fideles
1079 3991 1252 4086 quoslihet
1269 3990 1305 4064 iu
1328 3991 1455 4064 uostris
1476 3991 1626 4064 servitiis

223 4118 331 4190 multo
345 4117 479 4190 virilius
499 4117 600 4189 solito
617 4116 710 4188 vires
726 4126 761 4187 et
776 4114 910 4188 animos
923 4135 1109 4205 exercere,
1128 4114 1350 4188 devotionem
1366 4126 1461 4187 tuam
1477 4115 1626 4208 requiri·

222 4263 298 4315 mus
314 4252 350 4314 et
364 4239 556 4332 hortamur,
572 4249 703 4313 attente
716 4238 921 4311 mandantes
932 4249 1105 4332 qnatenus
1122 4238 1150 4310 si
1163 4259 1320 4331 unquam
1334 4247 1367 4310 te
1379 4237 1512 4311 dudum
1528 4238 1627 4310 obse·

223 4367 383 4462 quiosnm
408 4365 508 4437 nobis
531 4374 567 4436 et
587 4364 708 4436 utilem
727 4361 912 4460 prebuisti,
931 4361 1194 4434 fructuosiorem
1214 4359 1259 4433 de
1275 4369 1391 4433 cetero
1408 4382 1454 4432 ex
1469 4381 1574 4456 opere
1593 4370 1626 4432 te

223 4499 421 4586 presentes,
444 4498 486 4560 ut
506 4485 576 4560 lide
607 4498 666 4560 tua
689 4509 752 4583 per
780 4487 954 4558 fructuum
978 4485 1167 4558 efficaciam
1189 4494 1453 4574 succrescente,
1484 4504 1567 4575 erga
1592 4493 1627 4555 ta

220 4611 454 4688 munificentie
468 4621 586 4688 nostre
600 4612 783 4688 dexteram
796 4610 972 4686 liberalius
985 4609 1229 4683 extendamus.
1245 4609 1339 4682 luter
1351 4607 1436 4682 alies
1455 4608 1627 4703 siquidem

224 4737 446 4832 cogitationes
458 4735 567 4807 nostri
583 4733 763 4830 propositi,
780 4733 894 4805 stabili
905 4732 1087 4808 tenacitate
1102 4731 1317 4807 firmavimus
1328 4731 1374 4806 ud
1388 4745 1543 4828 partes..
1573 4784 1584 4807 .
1612 4783 1624 4808 .
