<?xml version="1.0" encoding="UTF-8"?>
<!DOCTYPE html PUBLIC "-//W3C//DTD XHTML 1.0 Transitional//EN"
    "http://www.w3.org/TR/xhtml1/DTD/xhtml1-transitional.dtd">
<html xmlns="http://www.w3.org/1999/xhtml" xml:lang="en" lang="en">
 <head>
  <title>
</title>
<meta http-equiv="Content-Type" content="text/html;charset=utf-8" />
  <meta name='ocr-system' content='tesseract 3.04.00' />
  <meta name='ocr-capabilities' content='ocr_page ocr_carea ocr_par ocr_line ocrx_word'/>
</head>
<body>
  <div class='ocr_page' id='page_1' title='image "./historiadiploma00fredgoog/historiadiploma00fredgoog_0317.png"; bbox 0 0 4300 5916; ppageno 0'>
   <div class='ocr_carea' id='block_1_1' title="bbox 495 601 1899 696">
    <p class='ocr_par' dir='ltr' id='par_1_1' title="bbox 495 601 1899 696">
     <span class='ocr_line' id='line_1_1' title="bbox 495 601 1899 696; baseline 0.007 -34"><span class='ocrx_word' id='word_1_1' title='bbox 495 601 557 663; x_wconf 76' lang='lat' dir='ltr'><strong>sse</strong></span> <span class='ocrx_word' id='word_1_2' title='bbox 1016 608 1200 672; x_wconf 84' lang='lat' dir='ltr'><strong>canaam</strong></span> <span class='ocrx_word' id='word_1_3' title='bbox 1224 607 1375 696; x_wconf 74' lang='lat' dir='ltr'><strong>onnam</strong></span> <span class='ocrx_word' id='word_1_4' title='bbox 1712 608 1795 688; x_wconf 72' lang='lat' dir='ltr'><strong>[nn.</strong></span> <span class='ocrx_word' id='word_1_5' title='bbox 1812 608 1899 672; x_wconf 76' lang='lat' dir='ltr'><strong>ram.</strong></span> 
     </span>
    </p>
   </div>
   <div class='ocr_carea' id='block_1_2' title="bbox 497 734 1901 984">
    <p class='ocr_par' dir='ltr' id='par_1_2' title="bbox 497 734 1901 984">
     <span class='ocr_line' id='line_1_2' title="bbox 497 734 1901 852; baseline 0.005 -34"><span class='ocrx_word' id='word_1_6' title='bbox 497 734 628 818; x_wconf 86' lang='lat' dir='ltr'><strong>omnia</strong></span> <span class='ocrx_word' id='word_1_7' title='bbox 647 736 817 821; x_wconf 86' lang='lat' dir='ltr'><strong>aedificia</strong></span> <span class='ocrx_word' id='word_1_8' title='bbox 834 763 933 848; x_wconf 90' lang='lat' dir='ltr'><strong>quae</strong></span> <span class='ocrx_word' id='word_1_9' title='bbox 958 740 999 822; x_wconf 93' lang='lat' dir='ltr'><strong>in</strong></span> <span class='ocrx_word' id='word_1_10' title='bbox 1027 753 1152 827; x_wconf 88' lang='lat' dir='ltr'><strong>castro</strong></span> <span class='ocrx_word' id='word_1_11' title='bbox 1179 743 1228 826; x_wconf 89' lang='lat' dir='ltr'><strong>de</strong></span> <span class='ocrx_word' id='word_1_12' title='bbox 1253 739 1492 852; x_wconf 91' lang='lat' dir='ltr'><strong>Oppenheim</strong></span> <span class='ocrx_word' id='word_1_13' title='bbox 1516 741 1814 848; x_wconf 77' lang='lat' dir='ltr'><strong>aedificaverint,</strong></span> <span class='ocrx_word' id='word_1_14' title='bbox 1833 767 1901 851; x_wconf 90' lang='lat' dir='ltr'><strong>pro</strong></span> 
     </span>
     <span class='ocr_line' id='line_1_3' title="bbox 498 866 1511 984; baseline 0.007 -36"><span class='ocrx_word' id='word_1_15' title='bbox 498 866 610 950; x_wconf 83' lang='lat' dir='ltr'><strong>feodo</strong></span> <span class='ocrx_word' id='word_1_16' title='bbox 627 871 809 953; x_wconf 75' lang='lat' dir='ltr'>castrensi</span> <span class='ocrx_word' id='word_1_17' title='bbox 823 872 862 952; x_wconf 94' lang='lat' dir='ltr'><strong>in</strong></span> <span class='ocrx_word' id='word_1_18' title='bbox 881 882 1105 982; x_wconf 88' lang='lat' dir='ltr'><strong>perpetuum</strong></span> <span class='ocrx_word' id='word_1_19' title='bbox 1123 874 1317 984; x_wconf 87' lang='lat' dir='ltr'><strong>possidere</strong></span> <span class='ocrx_word' id='word_1_20' title='bbox 1334 872 1511 956; x_wconf 84' lang='lat' dir='ltr'><strong>debeant.</strong></span> 
     </span>
    </p>
   </div>
   <div class='ocr_carea' id='block_1_3' title="bbox 580 1081 1903 1272">
    <p class='ocr_par' dir='ltr' id='par_1_3' title="bbox 580 1081 1903 1272">
     <span class='ocr_line' id='line_1_4' title="bbox 580 1081 1903 1170; baseline 0.006 -28"><span class='ocrx_word' id='word_1_21' title='bbox 580 1081 705 1161; x_wconf 86' lang='lat' dir='ltr'><strong>(Inadtt.</strong></span> <span class='ocrx_word' id='word_1_22' title='bbox 719 1100 757 1145; x_wconf 83' lang='lat' dir='ltr'><strong>ox</strong></span> <span class='ocrx_word' id='word_1_23' title='bbox 776 1083 905 1164; x_wconf 69' lang='lat' dir='ltr'><strong>captata</strong></span> <span class='ocrx_word' id='word_1_24' title='bbox 929 1085 1061 1168; x_wconf 77' lang='lat' dir='ltr'><strong>Oppeott.</strong></span> <span class='ocrx_word' id='word_1_25' title='bbox 1074 1086 1188 1170; x_wconf 60' lang='lat' dir='ltr'><strong>pcata,</strong></span> <span class='ocrx_word' id='word_1_26' title='bbox 1202 1097 1236 1150; x_wconf 81' lang='lat' dir='ltr'><strong>n·</strong></span> <span class='ocrx_word' id='word_1_27' title='bbox 1250 1095 1305 1166; x_wconf 80' lang='lat' dir='ltr'><strong>tt,</strong></span> <span class='ocrx_word' id='word_1_28' title='bbox 1319 1090 1351 1148; x_wconf 87' lang='lat' dir='ltr'><strong>tn</strong></span> <span class='ocrx_word' id='word_1_29' title='bbox 1364 1087 1446 1148; x_wconf 86' lang='lat' dir='ltr'><strong>arch.</strong></span> <span class='ocrx_word' id='word_1_30' title='bbox 1462 1087 1676 1150; x_wconf 78' lang='lat' dir='ltr'><strong>Gartsmhamt.</strong></span> <span class='ocrx_word' id='word_1_31' title='bbox 1687 1119 1726 1154; x_wconf 89' lang='lat'><strong>-.-</strong></span> <span class='ocrx_word' id='word_1_32' title='bbox 1739 1087 1785 1150; x_wconf 82' lang='lat' dir='ltr'><strong>ct.</strong></span> <span class='ocrx_word' id='word_1_33' title='bbox 1800 1088 1903 1169; x_wconf 75' lang='lat' dir='ltr'><strong>Mons,</strong></span> 
     </span>
     <span class='ocr_line' id='line_1_5' title="bbox 723 1193 1031 1272; baseline 0.016 -23"><span class='ocrx_word' id='word_1_34' title='bbox 723 1207 767 1268; x_wconf 83' lang='lat' dir='ltr'><strong>cr,</strong></span> <span class='ocrx_word' id='word_1_35' title='bbox 795 1200 884 1268; x_wconf 77' lang='lat'><strong>18³7,</strong></span> <span class='ocrx_word' id='word_1_36' title='bbox 899 1209 930 1269; x_wconf 91' lang='lat' dir='ltr'><strong>p.</strong></span> <span class='ocrx_word' id='word_1_37' title='bbox 948 1193 1031 1272; x_wconf 78' lang='lat'><strong>1³8.)</strong></span> 
     </span>
    </p>
   </div>
   <div class='ocr_carea' id='block_1_4' title="bbox 499 1374 1931 2824">
    <p class='ocr_par' dir='ltr' id='par_1_4' title="bbox 499 1374 1931 2581">
     <span class='ocr_line' id='line_1_6' title="bbox 547 1374 1903 1472; baseline 0.004 -25"><span class='ocrx_word' id='word_1_38' title='bbox 547 1375 741 1466; x_wconf 82' lang='lat' dir='ltr'><strong>Comedus,</strong></span> <span class='ocrx_word' id='word_1_39' title='bbox 762 1375 835 1447; x_wconf 90' lang='lat' dir='ltr'><strong>divi</strong></span> <span class='ocrx_word' id='word_1_40' title='bbox 851 1377 988 1468; x_wconf 82' lang='lat' dir='ltr'><strong>angusti</strong></span> <span class='ocrx_word' id='word_1_41' title='bbox 1008 1377 1227 1472; x_wconf 85' lang='lat' dir='ltr'><strong>imperatoris</strong></span> <span class='ocrx_word' id='word_1_42' title='bbox 1245 1375 1419 1449; x_wconf 85' lang='lat' dir='ltr'><strong>Frederici</strong></span> <span class='ocrx_word' id='word_1_43' title='bbox 1439 1374 1548 1468; x_wconf 82' lang='lat' dir='ltr'><strong>iilius,</strong></span> <span class='ocrx_word' id='word_1_44' title='bbox 1571 1378 1636 1450; x_wconf 84' lang='lat' dir='ltr'><strong>Dei</strong></span> <span class='ocrx_word' id='word_1_45' title='bbox 1653 1378 1763 1470; x_wconf 79' lang='lat' dir='ltr'><strong>gratia</strong></span> <span class='ocrx_word' id='word_1_46' title='bbox 1779 1377 1903 1452; x_wconf 87' lang='lat' dir='ltr'><strong>Roma·</strong></span> 
     </span>
     <span class='ocr_line' id='line_1_7' title="bbox 499 1497 1901 1595; baseline 0.003 -27"><span class='ocrx_word' id='word_1_47' title='bbox 499 1519 624 1571; x_wconf 87' lang='lat' dir='ltr'><strong>norum</strong></span> <span class='ocrx_word' id='word_1_48' title='bbox 647 1497 684 1568; x_wconf 92' lang='lat' dir='ltr'><strong>in</strong></span> <span class='ocrx_word' id='word_1_49' title='bbox 711 1500 1000 1592; x_wconf 82' lang='lat' dir='ltr'><strong>regemelectus,</strong></span> <span class='ocrx_word' id='word_1_50' title='bbox 1027 1521 1163 1595; x_wconf 85' lang='lat' dir='ltr'><strong>semper</strong></span> <span class='ocrx_word' id='word_1_51' title='bbox 1182 1509 1351 1592; x_wconf 82' lang='lat' dir='ltr'><strong>angustus</strong></span> <span class='ocrx_word' id='word_1_52' title='bbox 1379 1509 1415 1572; x_wconf 88' lang='lat' dir='ltr'><strong>et</strong></span> <span class='ocrx_word' id='word_1_53' title='bbox 1444 1498 1547 1572; x_wconf 86' lang='lat' dir='ltr'><strong>heres</strong></span> <span class='ocrx_word' id='word_1_54' title='bbox 1573 1499 1672 1593; x_wconf 78' lang='lat' dir='ltr'><strong>regni</strong></span> <span class='ocrx_word' id='word_1_55' title='bbox 1699 1499 1901 1572; x_wconf 80' lang='lat' dir='ltr'><strong>Jerusalem.</strong></span> 
     </span>
     <span class='ocr_line' id='line_1_8' title="bbox 500 1623 1905 1719; baseline 0.001 -26"><span class='ocrx_word' id='word_1_56' title='bbox 500 1623 633 1694; x_wconf 87' lang='lat' dir='ltr'><strong>Tenore</strong></span> <span class='ocrx_word' id='word_1_57' title='bbox 649 1623 860 1717; x_wconf 89' lang='lat' dir='ltr'><strong>presentium</strong></span> <span class='ocrx_word' id='word_1_58' title='bbox 877 1632 998 1694; x_wconf 88' lang='lat' dir='ltr'><strong>notum</strong></span> <span class='ocrx_word' id='word_1_59' title='bbox 1014 1624 1160 1696; x_wconf 83' lang='lat' dir='ltr'><strong>tacimus</strong></span> <span class='ocrx_word' id='word_1_60' title='bbox 1173 1623 1344 1696; x_wconf 88' lang='lat' dir='ltr'><strong>universis</strong></span> <span class='ocrx_word' id='word_1_61' title='bbox 1361 1632 1398 1695; x_wconf 90' lang='lat' dir='ltr'><strong>et</strong></span> <span class='ocrx_word' id='word_1_62' title='bbox 1415 1624 1554 1718; x_wconf 84' lang='lat' dir='ltr'><strong>publice</strong></span> <span class='ocrx_word' id='word_1_63' title='bbox 1569 1631 1801 1719; x_wconf 78' lang='lat' dir='ltr'><strong>protestamur</strong></span> <span class='ocrx_word' id='word_1_64' title='bbox 1812 1623 1905 1715; x_wconf 88' lang='lat' dir='ltr'><strong>qnod</strong></span> 
     </span>
     <span class='ocr_line' id='line_1_9' title="bbox 499 1744 1931 1842; baseline 0.004 -27"><span class='ocrx_word' id='word_1_65' title='bbox 499 1766 564 1817; x_wconf 93' lang='lat' dir='ltr'><strong>nos</strong></span> <span class='ocrx_word' id='word_1_66' title='bbox 577 1746 738 1818; x_wconf 89' lang='lat' dir='ltr'><strong>omnibus</strong></span> <span class='ocrx_word' id='word_1_67' title='bbox 753 1747 985 1818; x_wconf 83' lang='lat' dir='ltr'><strong>castrensibus</strong></span> <span class='ocrx_word' id='word_1_68' title='bbox 1000 1747 1045 1819; x_wconf 93' lang='lat' dir='ltr'><strong>de</strong></span> <span class='ocrx_word' id='word_1_69' title='bbox 1060 1745 1278 1842; x_wconf 80' lang='lat' dir='ltr'>oppenheim</span> <span class='ocrx_word' id='word_1_70' title='bbox 1294 1745 1455 1819; x_wconf 83' lang='lat' dir='ltr'><strong>fidelibus</strong></span> <span class='ocrx_word' id='word_1_71' title='bbox 1467 1746 1595 1817; x_wconf 86' lang='lat' dir='ltr'><strong>nostris</strong></span> <span class='ocrx_word' id='word_1_72' title='bbox 1610 1745 1715 1816; x_wconf 83' lang='lat' dir='ltr'><strong>talem</strong></span> <span class='ocrx_word' id='word_1_73' title='bbox 1734 1744 1777 1816; x_wconf 90' lang='lat' dir='ltr'><strong>de</strong></span> <span class='ocrx_word' id='word_1_74' title='bbox 1794 1745 1904 1840; x_wconf 90' lang='lat' dir='ltr'><strong>pleni·</strong></span> <span class='ocrx_word' id='word_1_75' title='bbox 1929 1819 1931 1822; x_wconf 84' lang='grc'><strong>,</strong></span> 
     </span>
     <span class='ocr_line' id='line_1_10' title="bbox 500 1867 1904 1962; baseline 0 -21"><span class='ocrx_word' id='word_1_76' title='bbox 500 1869 622 1942; x_wconf 88' lang='lat' dir='ltr'><strong>tudine</strong></span> <span class='ocrx_word' id='word_1_77' title='bbox 643 1871 748 1942; x_wconf 92' lang='lat' dir='ltr'><strong>totins</strong></span> <span class='ocrx_word' id='word_1_78' title='bbox 768 1871 876 1941; x_wconf 86' lang='lat' dir='ltr'><strong>nostri</strong></span> <span class='ocrx_word' id='word_1_79' title='bbox 897 1870 1030 1942; x_wconf 87' lang='lat' dir='ltr'><strong>consilii</strong></span> <span class='ocrx_word' id='word_1_80' title='bbox 1051 1871 1198 1962; x_wconf 84' lang='lat' dir='ltr'><strong>gratiam</strong></span> <span class='ocrx_word' id='word_1_81' title='bbox 1224 1869 1389 1942; x_wconf 87' lang='lat' dir='ltr'><strong>duximus</strong></span> <span class='ocrx_word' id='word_1_82' title='bbox 1418 1869 1632 1960; x_wconf 83' lang='lat' dir='ltr'><strong>taciendam,</strong></span> <span class='ocrx_word' id='word_1_83' title='bbox 1666 1867 1761 1961; x_wconf 87' lang='lat' dir='ltr'><strong>quod</strong></span> <span class='ocrx_word' id='word_1_84' title='bbox 1791 1868 1904 1941; x_wconf 90' lang='lat' dir='ltr'><strong>omnia</strong></span> 
     </span>
     <span class='ocr_line' id='line_1_11' title="bbox 499 1991 1906 2088; baseline -0.001 -23"><span class='ocrx_word' id='word_1_85' title='bbox 499 1991 635 2066; x_wconf 88' lang='lat' dir='ltr'><strong>edificia</strong></span> <span class='ocrx_word' id='word_1_86' title='bbox 650 2015 719 2087; x_wconf 88' lang='lat' dir='ltr'><strong>que</strong></span> <span class='ocrx_word' id='word_1_87' title='bbox 735 1993 974 2066; x_wconf 86' lang='lat' dir='ltr'><strong>edificaverint</strong></span> <span class='ocrx_word' id='word_1_88' title='bbox 988 1994 1026 2064; x_wconf 92' lang='lat' dir='ltr'><strong>in</strong></span> <span class='ocrx_word' id='word_1_89' title='bbox 1034 2003 1149 2066; x_wconf 88' lang='lat' dir='ltr'><strong>castro</strong></span> <span class='ocrx_word' id='word_1_90' title='bbox 1162 2001 1280 2064; x_wconf 92' lang='lat' dir='ltr'><strong>nostro</strong></span> <span class='ocrx_word' id='word_1_91' title='bbox 1294 1992 1529 2088; x_wconf 77' lang='lat' dir='ltr'><strong>oppenheim,</strong></span> <span class='ocrx_word' id='word_1_92' title='bbox 1546 1992 1631 2088; x_wconf 90' lang='lat' dir='ltr'><strong>ipsi,</strong></span> <span class='ocrx_word' id='word_1_93' title='bbox 1648 2013 1778 2062; x_wconf 85' lang='lat' dir='ltr'><strong>uxores</strong></span> <span class='ocrx_word' id='word_1_94' title='bbox 1786 2011 1906 2064; x_wconf 89' lang='lat' dir='ltr'><strong>eornm</strong></span> 
     </span>
     <span class='ocr_line' id='line_1_12' title="bbox 500 2115 1905 2210; baseline -0.001 -22"><span class='ocrx_word' id='word_1_95' title='bbox 500 2125 536 2188; x_wconf 86' lang='lat' dir='ltr'><strong>et</strong></span> <span class='ocrx_word' id='word_1_96' title='bbox 555 2116 704 2188; x_wconf 89' lang='lat' dir='ltr'><strong>heredes</strong></span> <span class='ocrx_word' id='word_1_97' title='bbox 731 2117 874 2208; x_wconf 79' lang='lat' dir='ltr'><strong>legitimi</strong></span> <span class='ocrx_word' id='word_1_98' title='bbox 899 2117 960 2210; x_wconf 89' lang='lat' dir='ltr'><strong>qui</strong></span> <span class='ocrx_word' id='word_1_99' title='bbox 982 2117 1028 2188; x_wconf 90' lang='lat' dir='ltr'><strong>ab</strong></span> <span class='ocrx_word' id='word_1_100' title='bbox 1054 2117 1105 2188; x_wconf 88' lang='lat' dir='ltr'><strong>eis</strong></span> <span class='ocrx_word' id='word_1_101' title='bbox 1126 2115 1361 2206; x_wconf 84' lang='lat' dir='ltr'><strong>descendunt,</strong></span> <span class='ocrx_word' id='word_1_102' title='bbox 1387 2117 1555 2210; x_wconf 87' lang='lat' dir='ltr'><strong>quamdin</strong></span> <span class='ocrx_word' id='word_1_103' title='bbox 1577 2115 1730 2186; x_wconf 84' lang='lat' dir='ltr'><strong>vixerint</strong></span> <span class='ocrx_word' id='word_1_104' title='bbox 1749 2125 1783 2186; x_wconf 90' lang='lat' dir='ltr'><strong>et</strong></span> <span class='ocrx_word' id='word_1_105' title='bbox 1801 2115 1905 2187; x_wconf 85' lang='lat' dir='ltr'><strong>fidem</strong></span> 
     </span>
     <span class='ocr_line' id='line_1_13' title="bbox 500 2237 1905 2335; baseline 0.001 -25"><span class='ocrx_word' id='word_1_106' title='bbox 500 2240 600 2312; x_wconf 89' lang='lat' dir='ltr'><strong>nobis</strong></span> <span class='ocrx_word' id='word_1_107' title='bbox 617 2249 653 2312; x_wconf 93' lang='lat' dir='ltr'><strong>et</strong></span> <span class='ocrx_word' id='word_1_108' title='bbox 678 2240 823 2335; x_wconf 87' lang='lat' dir='ltr'><strong>imperio</strong></span> <span class='ocrx_word' id='word_1_109' title='bbox 842 2241 1075 2330; x_wconf 88' lang='lat' dir='ltr'><strong>servaverint,</strong></span> <span class='ocrx_word' id='word_1_110' title='bbox 1097 2239 1172 2335; x_wconf 84' lang='lat' dir='ltr'><strong>ipsa</strong></span> <span class='ocrx_word' id='word_1_111' title='bbox 1192 2238 1325 2312; x_wconf 86' lang='lat' dir='ltr'><strong>edificia</strong></span> <span class='ocrx_word' id='word_1_112' title='bbox 1342 2261 1364 2312; x_wconf 87' lang='lat' dir='ltr'><strong>a</strong></span> <span class='ocrx_word' id='word_1_113' title='bbox 1379 2239 1480 2312; x_wconf 92' lang='lat' dir='ltr'><strong>nohis</strong></span> <span class='ocrx_word' id='word_1_114' title='bbox 1494 2259 1558 2334; x_wconf 93' lang='lat' dir='ltr'><strong>pro</strong></span> <span class='ocrx_word' id='word_1_115' title='bbox 1569 2237 1672 2310; x_wconf 85' lang='lat' dir='ltr'><strong>feodo</strong></span> <span class='ocrx_word' id='word_1_116' title='bbox 1686 2239 1853 2312; x_wconf 85' lang='lat' dir='ltr'><strong>castrensi</strong></span> <span class='ocrx_word' id='word_1_117' title='bbox 1870 2240 1905 2311; x_wconf 94' lang='lat' dir='ltr'><strong>in</strong></span> 
     </span>
     <span class='ocr_line' id='line_1_14' title="bbox 499 2363 1904 2460; baseline -0.001 -24"><span class='ocrx_word' id='word_1_118' title='bbox 499 2373 707 2460; x_wconf 87' lang='lat' dir='ltr'><strong>perpetuum</strong></span> <span class='ocrx_word' id='word_1_119' title='bbox 727 2363 878 2435; x_wconf 86' lang='lat' dir='ltr'><strong>debeant</strong></span> <span class='ocrx_word' id='word_1_120' title='bbox 895 2364 1085 2458; x_wconf 87' lang='lat' dir='ltr'><strong>possidere.</strong></span> <span class='ocrx_word' id='word_1_121' title='bbox 1103 2364 1142 2434; x_wconf 87' lang='lat' dir='ltr'><strong>ln</strong></span> <span class='ocrx_word' id='word_1_122' title='bbox 1156 2363 1256 2455; x_wconf 87' lang='lat' dir='ltr'><strong>cujus</strong></span> <span class='ocrx_word' id='word_1_123' title='bbox 1274 2363 1354 2435; x_wconf 83' lang='lat' dir='ltr'><strong>tacti</strong></span> <span class='ocrx_word' id='word_1_124' title='bbox 1368 2363 1475 2435; x_wconf 91' lang='lat' dir='ltr'><strong>robur</strong></span> <span class='ocrx_word' id='word_1_125' title='bbox 1488 2373 1524 2434; x_wconf 89' lang='lat' dir='ltr'><strong>et</strong></span> <span class='ocrx_word' id='word_1_126' title='bbox 1538 2363 1688 2433; x_wconf 71' lang='lat' dir='ltr'><strong>futuram</strong></span> <span class='ocrx_word' id='word_1_127' title='bbox 1705 2363 1904 2435; x_wconf 88' lang='lat' dir='ltr'><strong>memoriam</strong></span> 
     </span>
     <span class='ocr_line' id='line_1_15' title="bbox 501 2485 1776 2581; baseline -0.002 -23"><span class='ocrx_word' id='word_1_128' title='bbox 501 2507 644 2581; x_wconf 87' lang='lat' dir='ltr'><strong>presens</strong></span> <span class='ocrx_word' id='word_1_129' title='bbox 658 2485 824 2581; x_wconf 88' lang='lat' dir='ltr'><strong>scriptum</strong></span> <span class='ocrx_word' id='word_1_130' title='bbox 840 2485 915 2558; x_wconf 86' lang='lat' dir='ltr'><strong>fieri</strong></span> <span class='ocrx_word' id='word_1_131' title='bbox 932 2497 966 2558; x_wconf 90' lang='lat' dir='ltr'><strong>et</strong></span> <span class='ocrx_word' id='word_1_132' title='bbox 982 2487 1094 2578; x_wconf 81' lang='lat' dir='ltr'><strong>sigillo</strong></span> <span class='ocrx_word' id='word_1_133' title='bbox 1108 2486 1214 2558; x_wconf 89' lang='lat' dir='ltr'><strong>nostri</strong></span> <span class='ocrx_word' id='word_1_134' title='bbox 1230 2486 1389 2557; x_wconf 83' lang='lat' dir='ltr'><strong>culminis</strong></span> <span class='ocrx_word' id='word_1_135' title='bbox 1401 2485 1546 2557; x_wconf 83' lang='lat' dir='ltr'><strong>fecimus</strong></span> <span class='ocrx_word' id='word_1_136' title='bbox 1559 2485 1776 2557; x_wconf 90' lang='lat' dir='ltr'><strong>communiri.</strong></span> 
     </span>
    </p>

    <p class='ocr_par' dir='ltr' id='par_1_5' title="bbox 500 2609 1902 2824">
     <span class='ocr_line' id='line_1_16' title="bbox 548 2609 1902 2705; baseline 0 -25"><span class='ocrx_word' id='word_1_137' title='bbox 548 2610 674 2682; x_wconf 86' lang='lat' dir='ltr'><strong>Datum</strong></span> <span class='ocrx_word' id='word_1_138' title='bbox 689 2619 725 2681; x_wconf 90' lang='lat' dir='ltr'><strong>et</strong></span> <span class='ocrx_word' id='word_1_139' title='bbox 737 2619 853 2681; x_wconf 90' lang='lat' dir='ltr'><strong>actum</strong></span> <span class='ocrx_word' id='word_1_140' title='bbox 870 2609 1340 2705; x_wconf 84' lang='lat' dir='ltr'><strong>apudHagenowiam,anno</strong></span> <span class='ocrx_word' id='word_1_141' title='bbox 1350 2609 1485 2680; x_wconf 86' lang='lat' dir='ltr'><strong>Domini</strong></span> <span class='ocrx_word' id='word_1_142' title='bbox 1495 2609 1679 2682; x_wconf 86' lang='lat' dir='ltr'><strong>millesimo</strong></span> <span class='ocrx_word' id='word_1_143' title='bbox 1689 2609 1902 2700; x_wconf 73' lang='lat' dir='ltr'><strong>mxntltr,</strong></span> 
     </span>
     <span class='ocr_line' id='line_1_17' title="bbox 500 2731 1548 2824; baseline -0.003 -18"><span class='ocrx_word' id='word_1_144' title='bbox 500 2733 665 2808; x_wconf 84' lang='lat' dir='ltr'><strong>vicesimo</strong></span> <span class='ocrx_word' id='word_1_145' title='bbox 681 2742 805 2806; x_wconf 90' lang='lat' dir='ltr'><strong>octavo</strong></span> <span class='ocrx_word' id='word_1_146' title='bbox 823 2732 881 2805; x_wconf 88' lang='lat' dir='ltr'><strong>die</strong></span> <span class='ocrx_word' id='word_1_147' title='bbox 896 2733 1024 2806; x_wconf 89' lang='lat' dir='ltr'><strong>mensis</strong></span> <span class='ocrx_word' id='word_1_148' title='bbox 1040 2731 1211 2824; x_wconf 84' lang='lat' dir='ltr'><strong>octobris,</strong></span> <span class='ocrx_word' id='word_1_149' title='bbox 1229 2732 1417 2804; x_wconf 87' lang='lat' dir='ltr'><strong>indictione</strong></span> <span class='ocrx_word' id='word_1_150' title='bbox 1433 2733 1548 2804; x_wconf 82' lang='lat' dir='ltr'><strong>tertia.</strong></span> 
     </span>
    </p>
   </div>
   <div class='ocr_carea' id='block_1_5' title="bbox 504 3267 1904 3526">
    <p class='ocr_par' dir='ltr' id='par_1_6' title="bbox 504 3267 1904 3526">
     <span class='ocr_line' id='line_1_18' title="bbox 558 3267 1904 3388; baseline -0.015 -22"><span class='ocrx_word' id='word_1_151' title='bbox 558 3283 770 3388; x_wconf 79' lang='lat' dir='ltr'><strong>Conradm,</strong></span> <span class='ocrx_word' id='word_1_152' title='bbox 789 3283 830 3363; x_wconf 91' lang='lat' dir='ltr'><strong>in</strong></span> <span class='ocrx_word' id='word_1_153' title='bbox 848 3281 1108 3365; x_wconf 83' lang='lat' dir='ltr'><strong>Romanorum</strong></span> <span class='ocrx_word' id='word_1_154' title='bbox 1126 3275 1428 3388; x_wconf 84' lang='lat' dir='ltr'><strong>regemelectus,</strong></span> <span class='ocrx_word' id='word_1_155' title='bbox 1448 3275 1678 3358; x_wconf 89' lang='lat' dir='ltr'><strong>monasterio</strong></span> <span class='ocrx_word' id='word_1_156' title='bbox 1696 3267 1904 3353; x_wconf 89' lang='lat' dir='ltr'><strong>Lucellensi</strong></span> 
     </span>
     <span class='ocr_line' id='line_1_19' title="bbox 504 3399 1904 3526; baseline -0.012 -28"><span class='ocrx_word' id='word_1_157' title='bbox 504 3413 666 3526; x_wconf 77' lang='lat' dir='ltr'><strong>(Lfitzel)</strong></span> <span class='ocrx_word' id='word_1_158' title='bbox 686 3439 802 3524; x_wconf 90' lang='lat' dir='ltr'><strong>prope</strong></span> <span class='ocrx_word' id='word_1_159' title='bbox 819 3411 1005 3496; x_wconf 86' lang='lat' dir='ltr'><strong>Basileam</strong></span> <span class='ocrx_word' id='word_1_160' title='bbox 1023 3409 1208 3493; x_wconf 89' lang='lat' dir='ltr'><strong>bonorum</strong></span> <span class='ocrx_word' id='word_1_161' title='bbox 1225 3407 1481 3518; x_wconf 87' lang='lat' dir='ltr'><strong>quorumdam</strong></span> <span class='ocrx_word' id='word_1_162' title='bbox 1497 3403 1752 3490; x_wconf 89' lang='lat' dir='ltr'><strong>venditionem</strong></span> <span class='ocrx_word' id='word_1_163' title='bbox 1765 3399 1904 3482; x_wconf 85' lang='lat' dir='ltr'><strong>factam</strong></span> 
     </span>
    </p>
   </div>
   <div class='ocr_carea' id='block_1_6' title="bbox 504 3547 716 3630">
    <p class='ocr_par' dir='ltr' id='par_1_7' title="bbox 504 3547 716 3630">
     <span class='ocr_line' id='line_1_20' title="bbox 504 3547 716 3630; baseline -0.009 0"><span class='ocrx_word' id='word_1_164' title='bbox 504 3547 716 3630; x_wconf 86' lang='lat' dir='ltr'><strong>confirmat.</strong></span> 
     </span>
    </p>
   </div>
   <div class='ocr_carea' id='block_1_7' title="bbox 585 3745 1903 3947">
    <p class='ocr_par' dir='ltr' id='par_1_8' title="bbox 585 3745 1903 3947">
     <span class='ocr_line' id='line_1_21' title="bbox 585 3745 1903 3842; baseline -0.014 -18"><span class='ocrx_word' id='word_1_165' title='bbox 585 3763 757 3842; x_wconf 76' lang='lat' dir='ltr'><strong>(Memorat.</strong></span> <span class='ocrx_word' id='word_1_166' title='bbox 775 3777 824 3839; x_wconf 89' lang='lat' dir='ltr'><strong>ap.</strong></span> <span class='ocrx_word' id='word_1_167' title='bbox 843 3761 1009 3834; x_wconf 80' lang='lat' dir='ltr'><strong>Borma,</strong></span> <span class='ocrx_word' id='word_1_168' title='bbox 1027 3757 1139 3839; x_wconf 62' lang='grc' dir='ltr'><strong>λιμοι.</strong></span> <span class='ocrx_word' id='word_1_169' title='bbox 1160 3757 1277 3837; x_wconf 69' lang='lat' dir='ltr'><strong>tropen,</strong></span> <span class='ocrx_word' id='word_1_170' title='bbox 1300 3749 1522 3816; x_wconf 60' lang='lat' dir='ltr'><strong>carmentae</strong></span> <span class='ocrx_word' id='word_1_171' title='bbox 1540 3747 1660 3828; x_wconf 67' lang='lat' dir='ltr'><strong>araon,</strong></span> <span class='ocrx_word' id='word_1_172' title='bbox 1676 3767 1706 3830; x_wconf 88' lang='lat' dir='ltr'><strong>p.</strong></span> <span class='ocrx_word' id='word_1_173' title='bbox 1722 3745 1903 3817; x_wconf 72' lang='lat' dir='ltr'><strong>mxvii,</strong></span> 
     </span>
     <span class='ocr_line' id='line_1_22' title="bbox 622 3859 1345 3947; baseline -0.011 -17"><span class='ocrx_word' id='word_1_174' title='bbox 622 3885 660 3930; x_wconf 81' lang='lat' dir='ltr'><strong>ex</strong></span> <span class='ocrx_word' id='word_1_175' title='bbox 674 3869 847 3930; x_wconf 87' lang='lat' dir='ltr'><strong>chardtnt</strong></span> <span class='ocrx_word' id='word_1_176' title='bbox 860 3863 1073 3947; x_wconf 74' lang='lat' dir='ltr'><strong>Epitomesart.</strong></span> <span class='ocrx_word' id='word_1_177' title='bbox 1088 3859 1211 3942; x_wconf 70' lang='lat' dir='ltr'><strong>barrit,</strong></span> <span class='ocrx_word' id='word_1_178' title='bbox 1227 3881 1259 3941; x_wconf 92' lang='lat' dir='ltr'><strong>p.</strong></span> <span class='ocrx_word' id='word_1_179' title='bbox 1276 3869 1345 3924; x_wconf 79' lang='lat' dir='ltr'><strong>tot.</strong></span> 
     </span>
    </p>
   </div>
   <div class='ocr_carea' id='block_1_8' title="bbox 503 4037 1903 4272">
    <p class='ocr_par' dir='ltr' id='par_1_9' title="bbox 503 4037 1903 4272">
     <span class='ocr_line' id='line_1_23' title="bbox 551 4037 1903 4144; baseline -0.014 -17"><span class='ocrx_word' id='word_1_180' title='bbox 551 4057 677 4128; x_wconf 88' lang='lat' dir='ltr'><strong>Datum</strong></span> <span class='ocrx_word' id='word_1_181' title='bbox 693 4055 846 4144; x_wconf 86' lang='lat' dir='ltr'><strong>Basilee,</strong></span> <span class='ocrx_word' id='word_1_182' title='bbox 871 4073 964 4124; x_wconf 92' lang='lat' dir='ltr'><strong>anno</strong></span> <span class='ocrx_word' id='word_1_183' title='bbox 977 4049 1115 4124; x_wconf 92' lang='lat' dir='ltr'><strong>Domini</strong></span> <span class='ocrx_word' id='word_1_184' title='bbox 1130 4047 1378 4123; x_wconf 81' lang='lat' dir='ltr'><strong>tt.cc.xxxv</strong></span> <span class='ocrx_word' id='word_1_185' title='bbox 1394 4045 1485 4142; x_wconf 76' lang='lat' dir='ltr'><strong>(leg.</strong></span> <span class='ocrx_word' id='word_1_186' title='bbox 1504 4044 1620 4118; x_wconf 69' lang='grc' dir='ltr'><strong>ΜΣ.</strong></span> <span class='ocrx_word' id='word_1_187' title='bbox 1629 4037 1765 4136; x_wconf 86' lang='lat' dir='ltr'>XLIV),</span> <span class='ocrx_word' id='word_1_188' title='bbox 1785 4039 1829 4111; x_wconf 90' lang='lat'><strong>111</strong></span> <span class='ocrx_word' id='word_1_189' title='bbox 1843 4037 1903 4110; x_wconf 90' lang='lat' dir='ltr'><strong>de·</strong></span> 
     </span>
     <span class='ocr_line' id='line_1_24' title="bbox 503 4176 999 4272; baseline -0.012 -20"><span class='ocrx_word' id='word_1_190' title='bbox 503 4181 669 4272; x_wconf 85' lang='lat' dir='ltr'><strong>cambris,</strong></span> <span class='ocrx_word' id='word_1_191' title='bbox 684 4179 784 4251; x_wconf 87' lang='lat' dir='ltr'><strong>tertia</strong></span> <span class='ocrx_word' id='word_1_192' title='bbox 799 4176 999 4250; x_wconf 87' lang='lat' dir='ltr'><strong>indictione.</strong></span> 
     </span>
    </p>
   </div>
   <div class='ocr_carea' id='block_1_9' title="bbox 0 0 2159 5908">
    <p class='ocr_par' dir='ltr' id='par_1_10' title="bbox 0 0 2159 5908">
     <span class='ocr_line' id='line_1_25' title="bbox 0 0 2159 5908; baseline 0 0"><span class='ocrx_word' id='word_1_193' title='bbox 0 0 2159 5908; x_wconf 95' lang='lat' dir='ltr'><strong> </strong></span> 
     </span>
    </p>
   </div>
  </div>
 </body>
</html>
