4306 5914
198 633 300 692 rm.
316 633 362 710 v]
648 630 847 694 arsroarn
871 627 1168 692 urrnouarrcl.
1551 629 1612 694 oce

199 768 359 840 celeriter
373 766 419 841 ad
437 777 592 840 nostram
607 768 817 864 presentiam
830 767 950 839 venire
967 765 1225 855 mandavimus,
1243 785 1306 860 pro
1325 763 1475 860 regionis
1491 765 1610 858 hujus·

201 892 297 965 modi
311 891 466 985 negociis
482 891 706 988 disponendis
724 891 867 982 utiliter,
887 892 931 966 de
947 891 1004 964 die
1018 891 1054 963 in
1073 890 1165 963 diem
1184 890 1346 962 continue
1368 900 1609 986 expectantes,

201 1017 246 1090 ad
259 1029 376 1112 partes
390 1017 549 1109 Thuscie,
564 1017 774 1090 continuatis
788 1016 903 1110 dietis,
915 1027 1115 1088 constanter
1128 1013 1338 1088 intendimus
1352 1015 1499 1110 dirigere
1516 1038 1613 1108 gres·

201 1165 262 1214 sos
280 1155 430 1217 nostros.
449 1145 614 1218 Volentes
629 1143 734 1236 igitur
748 1153 789 1216 ut
809 1153 918 1216 status
934 1143 1086 1238 ipsarum
1103 1141 1271 1237 partium,
1288 1162 1389 1235 quas,
1409 1142 1507 1214 velut
1528 1142 1612 1216 cba-

200 1289 280 1340 rum
302 1279 339 1341 et
359 1269 477 1341 nobile
496 1270 692 1342 membrum
714 1268 866 1364 imperii,
884 1268 1035 1362 quadam
1057 1266 1237 1339 affectione
1261 1266 1424 1362 precipua
1447 1268 1613 1341 serenitas

198 1403 319 1465 nostra
335 1393 455 1466 videre
472 1393 661 1484 desiderat,
679 1393 714 1465 in
731 1393 822 1466 lelici
840 1393 994 1466 adventu
1009 1403 1146 1484 nostro,
1163 1413 1268 1486 quem
1283 1392 1383 1464 vobis
1401 1392 1436 1463 in
1454 1393 1613 1488 proximo

198 1518 418 1613 pollicemur,
436 1529 506 1591 tam
522 1518 667 1592 viriliter
682 1541 787 1612 quam
805 1519 948 1615 provide
966 1518 1185 1609 reformetur,
1200 1526 1241 1590 ut
1260 1517 1399 1590 incauta
1415 1528 1612 1592 nostrorum

196 1643 304 1716 corda
327 1644 521 1738 rebellium,
540 1643 726 1738 dequibus
748 1641 861 1716 finalis
884 1653 921 1716 et
944 1642 1139 1717 desiderata
1157 1642 1301 1716 victoria
1322 1654 1439 1715 nostre
1457 1644 1612 1738 potentie

197 1767 317 1860 gladio
333 1780 544 1860 reservatur,
561 1769 651 1842 sicul
669 1768 705 1840 in
722 1768 878 1840 absentia
901 1778 1019 1842 nostra
1040 1767 1176 1862 gloriati
1195 1778 1277 1842 sunt
1298 1767 1484 1860 hactenus,
1500 1768 1550 1842 sic
1564 1791 1612 1842 ex

199 1892 377 1966 vicinitate
392 1901 508 1966 nostre
523 1894 677 1988 potentie
697 1904 892 1967 terreantur
910 1923 919 1966 a
939 1893 1141 1967 fidelitatem
1158 1905 1329 1984 vestram,
1346 1916 1451 1988 quam
1474 1916 1612 1991 semper

198 2017 399 2090 invenimus
412 2018 458 2091 ad
476 2019 693 2114 beneplacita
712 2027 830 2092 nostra
846 2029 1016 2114 paratam,
1033 2018 1213 2092 hortamur
1228 2018 1394 2092 attentius
1414 2027 1450 2091 et
1463 2020 1609 2093 manda·

200 2165 279 2214 mus
305 2153 478 2237 quatenns
497 2143 544 2216 ad
564 2143 823 2239 requisitionem
843 2143 1005 2242 Friderici
1026 2144 1070 2216 de
1089 2142 1292 2232 Antiochia,
1310 2144 1398 2216 sacri
1419 2143 1554 2240 imperii
1574 2146 1627 2234 in

199 2241 348 2340 Thuscia
364 2267 483 2340 vicarii
502 2269 691 2360 generalis,
707 2267 824 2341 dilecti
845 2266 906 2342 lilii
926 2269 1052 2361 nostri,
1070 2269 1120 2342 sic
1139 2269 1175 2341 in
1198 2291 1366 2363 equorum
1386 2280 1421 2342 et
1435 2292 1611 2344 armorum

190 2401 369 2485 apparatu
386 2391 553 2478 continno
571 2392 775 2489 persistatis,
791 2405 830 2464 ut
845 2393 881 2464 in
897 2393 1050 2466 adventu
1065 2406 1200 2484 nostro,
1223 2392 1371 2466 civitatis
1390 2404 1504 2468 vestre
1525 2397 1609 2468 sub-

196 2513 289 2586 sidio
310 2513 491 2608 magnilica
508 2517 636 2590 nostris
652 2517 783 2590 viribus
803 2527 1004 2611 aggregato,
1024 2518 1071 2592 ad
1086 2517 1322 2592 contusionem
1337 2530 1535 2594 nostrorum
1552 2543 1609 2594 ra·

196 2635 344 2712 bellium
361 2639 543 2716 intendere
554 2643 712 2717 valeatis.

253 3199 487 3312 FridericnS,
522 3199 782 3289 Romanorum
814 3207 1033 3320 imperator,
1070 3205 1228 3290 mandat
1264 3205 1442 3290 secretins
1478 3197 1606 3289 comiti
1667 3221 1783 3279 mutto-1

199 3335 406 3420 Casertano
434 3364 573 3448 genero
601 3364 671 3422 suo
691 3352 731 3422 ut
753 3343 801 3424 de
819 3340 1097 3425 turbationibus
1116 3341 1263 3426 Siciliae
1281 3338 1440 3424 fideliler
1467 3333 1605 3450 inqui-

196 3479 280 3574 rat,
311 3467 382 3551 sibi
409 3470 661 3579 rescripturus
684 3485 768 3582 post
785 3473 1069 3585 inquisitionem
1086 3500 1340 3586 quamaequo
1368 3475 1496 3556 animo
1524 3469 1606 3554 fieri

194 3597 326 3707 jubet,
346 3613 384 3686 et
405 3604 703 3689 detractionibus
721 3605 921 3690 curialium
945 3621 1077 3691 contra
1105 3610 1231 3718 ipsum
1256 3608 1370 3691 fidem
1390 3634 1466 3691 non
1486 3602 1605 3690 adhi-

198 3731 310 3841 bens,
326 3732 494 3845 injungit
508 3748 551 3818 ut
567 3736 605 3817 in
626 3736 762 3820 fratres
775 3739 1054 3824 Praedicatores
1072 3751 1108 3824 et
1121 3741 1284 3825 Minores
1303 3735 1375 3823 eibi
1393 3739 1605 3823 contrarios

198 3865 316 3948 etiam
334 3893 402 3976 per
420 3869 574 3979 igneum
595 3871 820 3981 supplicium
841 3873 995 3957 saeviat.

282 4084 416 4164 (Edlder.
429 4085 581 4149 Menum
593 4095 622 4149 ct
636 4087 778 4170 Damno,
794 4087 928 4170 Amplier.
943 4088 1022 4166 coil,
1036 4097 1060 4154 t.
1076 4091 1117 4162 ll,
1134 4090 1191 4154 col.
1210 4099 1395 4170 1191-1192,
1406 4100 1439 4152 n⁰
1449 4089 1604 4162 LxxV113

318 4195 384 4255 eoll.
410 4212 480 4257 curn
508 4197 575 4258 cod.
600 4196 674 4258 Ribl.
699 4199 800 4260 Ceam.
822 4199 929 4274 Paris,
943 4195 1035 4278 sande
1058 4196 1313 4260 Sciat-Gamala
1333 4191 1458 4278 Harlay,
1480 4209 1512 4260 n·
1532 4207 1602 4273 ⁴5⁵,

319 4315 388 4376 rurs
401 4298 441 4379 1·)

246 4465 1606 4588 Fredericns,etc.,comitiCasertano,etc.Constanterhactenustenuitnostra

198 4609 383 4682 credulitas
397 4621 437 4683 ut
451 4611 616 4686 officiales
637 4615 745 4688 nostri
760 4638 850 4709 quos
863 4617 909 4690 ad
925 4617 1132 4710 exequenda
1147 4615 1199 4716 (a)
1216 4629 1334 4693 nostra
1350 4618 1492 4692 consilia
1512 4620 1606 4691 loco·

241 4782 281 4864 (a)
303 4786 339 4848 ln
353 4789 494 4867 lmpresao
508 4789 675 4852 eoeoeccada.
