4306 5914
525 568 587 630 crs
1023 570 1236 633 rarnnamr
1261 571 1434 634 saccum
1738 569 1821 650 [aar.
1843 569 1930 632 rare.
1996 646 1998 650 ,

523 705 561 808 in
587 725 649 778 sua
678 705 790 802 prima
818 707 1046 803 inspexerunt
1069 707 1181 800 effigie
1195 717 1474 800 recognoscunt:
1497 705 1698 780 deiecerunt
1714 681 1807 780 enim
1825 704 1933 801 ipsius

525 831 675 927 optima,
695 831 800 906 immo
820 832 857 905 in
877 834 1050 908 contraria
1070 834 1298 908 diverterunt.
1317 835 1369 908 En
1389 833 1530 928 quidem
1548 833 1729 928 plenitudo
1748 830 1929 921 deformis,

526 955 721 1049 ingenuitas
736 956 902 1054 degener,
912 958 1053 1032 libertas
1066 959 1203 1052 ancilla,
1212 958 1407 1032 fecunditas
1422 956 1560 1049 sterilis,
1569 956 1782 1054 populositas
1796 957 1934 1028 deserta

526 1089 562 1152 ct
576 1080 741 1156 fortitudo
755 1080 904 1176 infirma,
922 1083 1094 1180 subripuit
1108 1083 1209 1156 lletus
1222 1083 1330 1156 risum
1344 1083 1420 1176 ejus
1433 1091 1470 1156 et
1481 1080 1645 1176 gaudium
1664 1103 1764 1154 suum
1780 1079 1882 1154 desiit
1896 1079 1932 1150 in

526 1200 729 1280 lamentum.
748 1207 952 1302 Oquotiens
965 1208 1125 1282 doloroso
1140 1207 1290 1304 suspirat
1305 1217 1341 1280 et
1354 1206 1588 1304 lachrymatur
1602 1227 1720 1280 amare
1734 1203 1934 1301 Apostolica

525 1329 634 1404 Sedes
644 1330 739 1426 quod
755 1353 900 1424 regnum
911 1331 998 1425 juris
1016 1342 1051 1405 et
1061 1332 1282 1440 proprietatis
1291 1353 1374 1424 sue,
1385 1352 1505 1403 carum
1513 1332 1642 1427 quippe
1652 1329 1730 1418 sibi,
1747 1329 1834 1401 dura
1843 1326 1931 1399 Pha-

524 1453 663 1526 raonice
678 1455 911 1550 oppressionis
929 1457 1021 1529 mele
1039 1456 1268 1550 prosternitur
1280 1477 1346 1528 nee
1360 1454 1485 1527 sinitur
1506 1454 1563 1552 pia
1584 1452 1828 1528 consolationis
1847 1473 1934 1546 apo·

526 1577 646 1650 stolice
669 1569 816 1652 dextera
838 1581 999 1654 relevari.
1020 1582 1124 1654 Porro
1150 1603 1222 1664 nec,
1240 1581 1403 1654 ecclesias
1416 1601 1482 1652 nec
1502 1601 1668 1676 personas
1686 1577 1934 1652 ecclesiasticas

528 1723 716 1796 earumque
725 1703 804 1794 jura
827 1715 863 1776 et
881 1705 974 1778 bona
992 1705 1027 1777 in
1046 1726 1153 1798 regne
1174 1705 1249 1801 ipso
1267 1705 1426 1778 draconis
1440 1704 1639 1798 hujusmodi
1654 1705 1749 1792 turer
1762 1701 1932 1798 preteriit,

525 1827 590 1911 ,sed
609 1827 645 1898 in
666 1828 731 1900 hec
751 1849 793 1904 ec
812 1825 970 1902 ferocius
985 1829 1174 1902 excanduit
1195 1851 1265 1925 quo
1285 1829 1457 1925 quidquid
1476 1827 1706 1902 ecclesiastico
1727 1826 1935 1900 discernitur

527 1951 667 2025 nomine
682 1952 764 2025 odio
777 1951 957 2027 abborruit
969 1953 1130 2047 graviori.
1143 1954 1251 2026 Tanta
1264 1953 1357 2026 enim
1372 1953 1548 2050 impietate
1566 1974 1691 2048 corpus
1703 1951 1751 2024 ibi
1764 1951 1934 2024 obtrecta-

526 2075 577 2148 vit
590 2077 744 2149 llcclesie
762 2077 858 2171 quod
873 2076 1070 2174 ipsumhoc
1085 2078 1218 2151 etilluc
1234 2099 1331 2152 more
1357 2078 1455 2172 ferali
1470 2077 1666 2152 distrahens
1682 2086 1718 2149 et
1733 2076 1932 2170 discindens

525 2201 626 2295 quasi
641 2200 688 2272 ad
702 2199 866 2272 nichilum
882 2200 948 2274 hcc
964 2202 1115 2296 redegit3
1129 2223 1211 2274 nam
1228 2202 1316 2275 illud
1331 2201 1424 2274 omni
1435 2202 1586 2298 primum
1602 2212 1807 2274 emamento
1822 2198 1933 2274 denu-

512 2323 614 2397 dans
636 2335 672 2398 et
691 2325 818 2399 deiude
838 2325 1067 2400 incalescente
1090 2326 1213 2400 sevitia
1235 2326 1347 2399 factus
1367 2327 1504 2400 Herode
1523 2326 1579 2399 bic
1600 2347 1749 2420 nequam
1770 2325 1933 2398 bemdicr

525 2449 671 2523 rabiosis
686 2449 931 2524 demembrans
944 2451 1131 2544 morsibus,
1150 2461 1257 2525 totam
1274 2450 1414 2526 demum
1430 2449 1840 2547 camemvcravitipsius,
1852 2469 1931 2522 cer·

525 2574 726 2648 resitetiam
741 2597 819 2649 ossa
835 2584 871 2649 et
886 2576 1028 2672 insuper
1044 2577 1233 2650 medullam
1253 2576 1407 2668 exsuxit,
1425 2598 1488 2678 sue
1506 2576 1658 2670 denique
1679 2574 1857 2670 potestatis
1870 2573 1933 2646 be·

523 2722 609 2776 nore
636 2677 722 2774 illud
739 2700 785 2774 de
800 2701 892 2774 facto
918 2701 1097 2794 destituit,
1126 2724 1197 2776 non
1220 2704 1333 2776 solum
1355 2722 1426 2775 nen
1444 2701 1648 2799 permittens
1673 2700 1803 2772 ibidem
1824 2699 1932 2772 libere

523 2825 763 2899 auctoritatem
782 2825 1048 2900 ecclesiasticam
1065 2827 1243 2919 exerceri,
1265 2827 1328 2900 sed
1344 2837 1379 2900 et
1393 2827 1542 2924 superbe
1555 2847 1597 2898 ac
1610 2825 1840 2899 irreverenter
1855 2845 1933 2896 earn

524 2949 718 3047 despiciens
734 2961 770 3024 et
784 2953 1006 3045 conculcans,
1022 2963 1059 3026 et
1072 2961 1237 3049 tanquam
1251 2951 1316 3024 ille·
1326 2953 1427 3046 eujus
1442 2951 1622 3024 ambitioni
1637 2951 1740 3023 tbtius
1752 2950 1846 3024 orbis
1860 2972 1932 3024 non

523 3075 697 3150 sufficeret
706 3075 869 3168 ambitus,
883 3076 1082 3170 hujusmodi
1096 3077 1335 3150 auctoritatem
1348 3077 1383 3148 in
1393 3075 1510 3148 multis
1518 3074 1737 3172 impudenter
1745 3096 1931 3170 usurpans,

523 3202 718 3298 reputando
732 3201 831 3295 quasi
845 3200 1021 3275 modicum
1039 3225 1076 3276 se
1093 3202 1222 3276 habere
1239 3205 1268 3276 si
1284 3203 1366 3276 solis
1382 3214 1537 3298 preesset
1554 3201 1801 3298 temporalibus
1817 3209 1853 3272 et
1865 3200 1932 3272 sibi

522 3325 712 3422 spiritualia
725 3347 794 3400 non
810 3327 1005 3418 subessent,
1021 3327 1056 3398 in
1071 3327 1326 3424 provisionibus
1341 3326 1592 3400 cathedralium
1608 3337 1644 3398 et
1657 3327 1802 3399 aliarum
1818 3327 1932 3398 eccle·

521 3433 1289 3546 siammvacantium,benelleiorumipsarum
1300 3451 1765 3541 collationibus,clericcrum
1773 3450 1934 3522 causiset

522 3573 599 3646 aliis
612 3573 657 3646 ad
672 3575 785 3646 lorum
798 3574 1067 3648 ecclesiasticum
1083 3577 1334 3672 pertinentibus
1347 3576 1422 3672 ipsa
1438 3576 1522 3648 inibi
1535 3575 1632 3648 abuti
1647 3575 1867 3670 presumpsit.
1876 3573 1933 3648 dd

485 3715 488 3720 ·
523 3699 673 3792 prelatos
690 3719 830 3792 quoque
844 3720 886 3772 ac
901 3700 988 3773 alios
1001 3699 1151 3772 clericali
1167 3699 1373 3796 presignitos
1389 3699 1510 3772 militia
1526 3720 1632 3771 manu
1648 3697 1861 3770 crudelitatis
1877 3699 1932 3771 in·

523 3820 722 3893 differenter
739 3832 894 3914 extenta,
915 3824 1189 3918 quamplurimos
1206 3845 1252 3896 ex
1267 3823 1351 3919 ipsis
1368 3823 1597 3918 ignominiosa
1608 3822 1933 3919 captioneteneriet

522 3943 558 4014 in
576 3953 710 4018 atroces
730 3945 868 4018 detrudi
889 3966 1044 4018 carceres
1060 3967 1102 4018 ac
1117 3945 1259 4018 tandem
1274 3946 1376 4019 morti
1395 3945 1695 4042 turpissimetradi
1717 3945 1807 4018 fecit
1829 3945 1874 4016 Et
1893 3955 1933 4017 ut

523 4067 567 4140 de
582 4066 759 4140 immensis
771 4089 813 4140 ac
826 4066 1016 4140 innumeris
1038 4069 1171 4163 injuriis
1187 4080 1223 4142 et
1237 4069 1428 4166 dispendiis
1444 4070 1667 4142 ecelesiarum
1687 4078 1723 4142 et
1735 4068 1818 4142 cleri
1831 4068 1930 4161 regui

522 4191 680 4288 premissi
695 4191 826 4264 tristem
843 4202 878 4263 et
894 4189 1063 4264 infinitam
1076 4193 1256 4265 materiam
1270 4193 1368 4266 brevi
1382 4195 1522 4266 eraculo
1538 4192 1932 4286 finiamus,sicibijuris·

523 4313 682 4388 dictionis
695 4314 925 4388 ecclesiastice
939 4316 1119 4411 plenitudo
1133 4338 1273 4413 prorsus
1285 4328 1452 4390 evacuata
1466 4329 1502 4390 ct
1516 4318 1683 4390 libertatis
1693 4317 1870 4411 integritas
1884 4337 1931 4388 ex

524 4449 597 4512 teto
626 4439 837 4513 comminuta
867 4439 1077 4536 conspicitur
1100 4443 1195 4534 qued
1218 4463 1289 4514 non
1313 4443 1424 4515 solum
1446 4443 1516 4514 illic
1529 4423 1760 4538 'speeiesnon
1785 4450 1932 4538 apparet

523 4563 675 4636 Ecclesie
696 4585 810 4659 neque
832 4561 950 4656 decor,
973 4565 1036 4637 sed
1056 4566 1160 4638 etiam
1180 4566 1225 4639 de
1243 4565 1350 4662 ipsius
1367 4569 1469 4662 plene
1484 4566 1674 4639 substantia
1688 4567 1735 4638 nil
1758 4565 1926 4638 subsistit.

522 4686 623 4761 Unde
647 4688 834 4786 respiciens
852 4689 1018 4786 Dominus
1039 4701 1109 4764 tam
1128 4712 1271 4784 gravem
1295 4703 1434 4788 tamque
1452 4691 1622 4766 diutinam
1637 4692 1689 4766 sui
1708 4691 1930 4764 afflictionem
