4300 5916
243 656 347 718 lucrm.
366 654 429 734 15.]
693 655 892 719 HISTORIA
916 656 1209 720 nlvhollaalcll.
1590 661 1649 724 831

243 789 338 862 idem
368 790 482 862 minus
509 811 595 863 sano
616 790 742 864 ductus
762 792 924 882 consilia,
950 794 1061 864 Deum
1087 814 1158 864 non
1185 793 1310 864 timens
1330 803 1366 864 et
1387 789 1561 866 hominem
1579 816 1651 867 non

243 914 432 1004 reveritus,
460 915 714 1008 possessionem
744 916 916 988 antedicta
943 915 1067 988 domus
1088 928 1245 989 evertere
1265 917 1409 1011 cupiens
1429 927 1465 988 et
1488 917 1648 1010 turbare,

243 1039 350 1111 immo
365 1049 475 1111 totum
489 1040 596 1134 ipsius
605 1041 664 1132 jus
678 1041 816 1135 penitus
839 1062 1019 1130 enervare,
1033 1043 1091 1134 jus
1106 1042 1257 1113 alienum
1274 1041 1320 1113 ad
1336 1063 1373 1113 se
1387 1063 1458 1113 non
1474 1043 1651 1136 pertinens

242 1163 329 1234 laiso
351 1163 416 1235 sibi
434 1185 606 1258 usurpans
628 1165 704 1235 veri
730 1164 875 1236 dominii
899 1175 1124 1261 potestatem,
1147 1163 1246 1257 quasi
1270 1164 1502 1236 mercenarius
1521 1175 1563 1236 et¹
1580 1187 1649 1237 non

242 1295 373 1380 pastor,
390 1285 567 1381 preposito
583 1296 619 1357 et
638 1287 847 1359 monasterio
863 1287 899 1357 in
913 1286 1226 1380 Bergkersgademe
1238 1287 1296 1380 jus
1312 1275 1408 1380 quod
1427 1309 1498 1359 non
1513 1286 1648 1378 hahuit,

242 1408 369 1480 furtive
390 1419 424 1480 et
442 1408 656 1480 clandestine
679 1410 899 1503 recognovit,
922 1411 1031 1505 pactis
1058 1420 1094 1482 et
1115 1411 1214 1483 lactis
1240 1411 1365 1483 illicitis
1390 1411 1650 1484 intervenienti·

243 1530 327 1620 bus,
351 1541 392 1602 ut
408 1531 546 1622 dicitur,
571 1533 607 1604 in
631 1534 763 1628 prefate
788 1535 913 1605 domus
937 1533 1182 1628 prejudicium,
1203 1534 1364 1626 injuriam
1383 1545 1419 1606 et
1442 1555 1647 1626 gravamen3

244 1653 489 1728 nichilominus
515 1656 731 1750 iniquitatem
752 1656 885 1728 addens
904 1656 1095 1750 iniquitati,
1120 1667 1156 1728 et
1178 1658 1302 1730 laxatis
1325 1657 1471 1729 habenis
1493 1653 1651 1753 voluptnss

246 1789 319 1850 tum
336 1799 399 1874 per
413 1800 553 1874 campos
578 1781 722 1852 abusive
738 1781 875 1853 licentie
898 1801 1048 1873 evagans
1072 1769 1107 1853 et
1129 1781 1344 1870 discurrens,
1368 1782 1484 1853 dotem
1506 1784 1649 1856 ecclesie

245 1904 441 1998 supradicte
456 1905 494 1975 in
510 1905 627 1976 dotem
642 1906 744 1977 scorti
760 1916 795 1977 et
808 1906 923 2000 spurie
935 1905 1042 2001 prolis
1057 1927 1118 1978 sue
1133 1915 1352 1996 convertens
1366 1905 1543 1996 donando,
1559 1907 1649 2003 inpi-

244 2027 447 2119 gnorando,
480 2038 515 2100 et
541 2029 627 2100 alias
659 2030 724 2101 suh
751 2031 862 2102 forma
889 2029 1105 2101 diversomm
1135 2029 1323 2124 tytulorum
1357 2029 1541 2103 alienando
1568 2033 1649 2104 Jesu

244 2149 369 2222 Christi
385 2153 630 2246 patrimonium
647 2153 867 2248 dilapidavit,
891 2163 927 2224 et
944 2153 1182 2252 miserabiliter
1199 2174 1240 2225 ac
1263 2153 1450 2225 enormiter
1469 2155 1646 2228 laceravit.

243 2274 335 2345 Sane
349 2296 429 2346 cum
444 2274 642 2366 hujusmodi
658 2277 828 2348 notoriam
843 2276 1083 2348 enormitatem
1094 2277 1166 2368 Jam
1182 2298 1254 2348 non
1272 2277 1416 2348 fratrum
1430 2277 1572 2368 relatio,
1587 2279 1647 2352 sed

248 2398 353 2468 totius
378 2399 473 2492 vulgi
497 2401 628 2471 clamor
649 2401 683 2470 in
707 2402 816 2472 altum
843 2399 1053 2490 ascendens,
1080 2408 1115 2471 et
1137 2422 1209 2473 non
1233 2401 1344 2472 solum
1373 2400 1511 2494 publica
1536 2401 1647 2492 fama,

244 2520 353 2591 immo
367 2520 442 2614 ipsa
458 2521 508 2592 rei
525 2522 700 2595 evidentia
714 2533 832 2594 nostro
846 2523 989 2594 culmini
1002 2522 1224 2613 declarasset,
1238 2543 1317 2594 cum
1332 2545 1379 2594 ex
1392 2523 1510 2594 debito
1525 2525 1650 2616 regalis

245 2643 460 2715 celsitudinis
487 2646 642 2716 omnium
667 2646 807 2740 quidem
833 2645 1056 2718 ecclesiarum
1085 2647 1131 2718 ad
1155 2667 1219 2719 nos
1241 2646 1412 2741 pertineat
1436 2647 1647 2740 sollicitudo,

244 2768 441 2861 specialiter
464 2779 581 2841 autem
599 2791 643 2842 ex
657 2771 846 2850 ‚commissa
868 2770 938 2842 divi
964 2770 1072 2865 patris
1090 2771 1198 2842 nostri
1213 2769 1388 2865 sepedicta
1404 2771 1527 2844 domus
1550 2793 1647 2864 cura,

245 2892 347 2983 cujus
364 2891 486 2962 fratres
501 2893 630 2986 proprii
646 2893 823 2984 sanguinis
839 2904 920 2964 sunt
934 2893 1069 2987 prodigi
1088 2914 1151 2987 pro
1167 2893 1394 2987 ampliacione
1408 2914 1450 2966 ac
1468 2915 1652 2968 conserva·

248 3014 341 3085 tione
360 3012 442 3086 fidei
461 3015 670 3106 orthodoxe,
687 3016 730 3088 de
750 3016 959 3110 prudentum
977 3027 1013 3087 et
1027 3017 1303 3110 jurisperitorum
1322 3018 1466 3089 consilio
1483 3018 1652 3112 dilapida-

247 3149 358 3211 torem
382 3141 615 3230 antedictnm,
633 3142 693 3234 qui
712 3142 769 3213 die
787 3142 852 3214 sihi
869 3152 904 3212 et
921 3141 1084 3212 iratribus
1104 3163 1125 3212 a
1143 3119 1243 3212 nobis
1261 3141 1394 3238 prelixo
1415 3154 1589 3236 tamquam
1606 3143 1650 3216 de

242 3263 323 3354 jure
344 3284 408 3335 suo
425 3264 598 3354 diflidens,
620 3287 685 3338 nec
701 3266 910 3360 comparuit,
930 3287 995 3337 nec
1011 3266 1245 3360 responsalem
1266 3266 1402 3338 mittere
1416 3266 1567 3358 curavit,
1586 3288 1651 3339 nec

246 3385 439 3479 quidquam
459 3389 595 3481 dejure
611 3410 691 3478 sun,
711 3389 850 3482 siquod
869 3388 1006 3480 hahuit,
1030 3389 1165 3478 docuit,
1186 3389 1274 3460 sicut
1294 3391 1465 3461 facturum
1481 3413 1518 3462 se
1534 3412 1650 3463 coram

247 3509 347 3582 nobis
362 3512 622 3604 expressissime
639 3511 822 3605 obligavit,
841 3534 921 3584 cum
941 3512 1087 3607 predicti
1112 3513 1234 3583 fratres
1252 3513 1326 3607 ipso
1345 3512 1402 3584 die
1422 3515 1467 3585 de
1486 3515 1565 3606 jure
1588 3537 1651 3588 suo

248 3645 318 3704 tam
348 3656 411 3728 per
437 3635 657 3729 privilegium
686 3637 893 3708 serenissimi
917 3635 1024 3730 patris
1053 3637 1181 3724 nostri,
1208 3657 1312 3728 quam
1338 3658 1400 3730 per
1424 3638 1522 3710 vivos
1548 3647 1653 3711 testes

247 3757 445 3853 plenissime
461 3780 525 3831 nos
543 3759 771 3830 instruxerint
782 3771 816 3832 et
833 3770 965 3854 aperte,
984 3759 1029 3830 ah
1043 3759 1353 3831 amministratione
1368 3761 1476 3856 ipsius
1492 3763 1649 3852 ecclesie,
1718 3793 1719 3796 ¹

246 3902 352 3974 quam
372 3883 571 3954 excessibus
591 3883 661 3954 suis
682 3884 866 3973 demeruit,
886 3883 1051 3955 duximus
1069 3885 1317 3974 amovendum,
1336 3907 1414 3956 cum
1432 3881 1653 3978 privilegium

247 4015 407 4076 teneatur
435 4006 611 4096 amittere,
642 4007 702 4099 qui
732 4008 898 4100 permissa
928 4007 993 4078 sibi
1021 4007 1175 4079 abutitur
1212 4017 1394 4101 potestate.
1426 4008 1510 4079 Cum
1548 4008 1652 4100 igitur

246 4128 371 4200 fratres
395 4130 560 4202 antedicti
589 4130 679 4225 patri
706 4141 824 4201 nostro
852 4141 887 4202 et
915 4131 1015 4202 nohis
1040 4131 1111 4203 suis
1135 4131 1354 4223 exigentibus
1381 4131 1511 4202 meritis
1535 4131 1652 4222 dilecti

247 4252 376 4346 pariter
390 4265 426 4325 et
439 4255 584 4348 accepti,
598 4254 848 4347 possessionem
866 4255 1009 4326 ecclesie
1024 4254 1059 4324 in
1072 4254 1245 4346 Ellingen,
1258 4274 1362 4347 quam
1379 4253 1414 4323 in
1431 4265 1596 4348 nostram,
1613 4269 1653 4331 ut

248 4375 484 4468 prediximus,
510 4376 745 4448 defensionem
775 4378 1007 4474 suscepimus,
1040 4399 1085 4448 ne
1110 4377 1228 4469 inique
1255 4376 1517 4449 machinationis
1537 4379 1651 4453 studio

248 4497 441 4593 deperiret,
467 4499 643 4570 humiliter
665 4511 862 4594 repeterent
887 4513 922 4570 et
945 4501 1092 4588 devote,
1115 4522 1179 4571 nos
1205 4500 1248 4571 de
1274 4500 1417 4571 consilio
1444 4503 1652 4575 venerabilis

249 4621 402 4717 episcopi
429 4623 708 4713 Wormatiensis,
740 4624 857 4696 dilecti
889 4645 931 4696 ac
964 4624 1140 4694 familiaris
1168 4623 1332 4718 principis
1362 4624 1488 4715 nostri,
1517 4649 1653 4700 necnon

249 4742 366 4815 dilecti
394 4747 641 4840 consanguinei
671 4759 707 4820 et
738 4747 903 4842 principis
925 4748 1033 4819 nostri
1062 4748 1201 4820 Henrici
1230 4748 1414 4838 lantgravii
1442 4746 1652 4845 Thuringic,
