4306 5914
214 661 314 721 leuca
330 657 377 735 6.]
658 648 855 714 HISTORIA
880 645 1178 710 nlnnoltaltcll.
1567 637 1624 699 651

215 788 739 883 maceslniundeilluquamvis
751 787 907 878 delonge
920 781 994 884 [ex]
1014 781 1127 856 officio
1138 774 1628 870 illiussauciatiregnivulne·

214 918 325 1008 ribus,
340 916 437 1011 quud
444 914 673 1011 prudensque
684 913 730 986 ad
738 911 931 984 nuditatem
949 907 1131 1002 expolians
1144 902 1271 997 dejecit
1283 902 1320 974 in
1334 901 1401 973 hac
1411 898 1534 972 mundi
1547 917 1630 969 area

213 1042 313 1136 quasi
328 1040 537 1135 quibusdam
552 1037 664 1133 plagis
673 1034 946 1131 superimpositis
961 1031 1180 1106 semivivum.
1199 1025 1346 1100 Assume
1363 1024 1470 1117 igitur
1481 1022 1629 1094 verbum

214 1142 338 1262 quo'te
351 1164 485 1238 dotavit
500 1161 611 1256 gratie
623 1161 687 1234 Dei
704 1160 835 1232 donum
857 1167 893 1230 et
914 1157 1034 1229 tubam
1055 1166 1114 1228 tua
1130 1153 1227 1226 vocis
1247 1151 1364 1224 exalta
1385 1149 1414 1221 si
1433 1148 1522 1221 forte
1542 1167 1630 1241 gens

213 1291 272 1362 illa
290 1289 480 1362 dilacerata
492 1284 734 1358 miserabiliter
757 1293 793 1355 et
813 1281 1000 1371 convulsa,
1019 1287 1171 1352 exeunte
1193 1277 1229 1348 in
1257 1275 1345 1348 lines
1365 1275 1441 1367 ejus
1459 1292 1546 1345 sono
1570 1280 1630 1342 tuo

214 1420 623 1487 sermonumnostrorum
638 1407 757 1500 bajulo
773 1407 810 1479 in
827 1427 926 1503 spem
942 1405 999 1478 vel
1016 1414 1147 1477 metum
1163 1401 1409 1497 expergefacta
1424 1405 1628 1490 consurgat,

213 1547 379 1632 stansque
399 1535 588 1632 prospiciat
601 1533 646 1606 ad
661 1530 875 1604 liberationis
887 1526 1141 1622 jocunditatem
1155 1525 1221 1599 sibi
1236 1546 1258 1598 a
1272 1523 1418 1597 Domino
1431 1520 1631 1594 venientem

213 1671 247 1735 et
262 1661 311 1734 ad
325 1660 582 1756 susceptionem
599 1657 674 1749 ejus
688 1664 888 1753 promptum
904 1652 1035 1748 pandat
1050 1651 1266 1746 amplexum.

260 1788 391 1860 Datum
404 1782 578 1876 Lugduni,
592 1783 637 1854 lll
649 1780 816 1854 kalendas
832 1775 1052 1874 septembris,
1067 1795 1160 1847 auno
1176 1773 1233 1846 vl.

265 2409 514 2496 innocentius
549 2438 649 2522 papa
686 2412 969 2520 archiepiscopo
1004 2410 1160 2493 Barensi
1193 2421 1362 2493 castrum
1400 2409 1545 2493 Bibicti
1581 2412 1839 2532 ad„1;2g;?;,·{;„

209 2543 481 2654 proprietatem
498 2545 675 2629 Berensis
693 2545 872 2628 ecclesiae
893 2547 1100 2653 pertinens,
1131 2545 1234 2654 quod
1259 2543 1472 2661 Eridericus
1501 2570 1632 2654 quon-

211 2679 304 2760 dam
323 2681 530 2788 imperatur
545 2681 590 2763 G.
604 2679 786 2763 Francico
800 2679 1028 2784 contulerat,
1040 2705 1162 2789 quum
1180 2703 1342 2788 regnum
1362 2677 1511 2761 Siciliae
1529 2705 1633 2761 nunc

211 2835 304 2920 nege
322 2820 469 2917 careat,
494 2811 658 2894 restituit
676 2811 780 2894 etde
797 2813 1096 2896 novoconcedit.

293 3038 391 3118 (Edld.
407 3040 567 3117 emunt,
583 3040 667 3102 Sorte
679 3040 746 3103 crit.
762 3037 808 3101 dc’
820 3047 900 3120 part.
916 3041 1033 3118 Bucari,
1049 3048 1073 3103 t.
1090 3041 1121 3112 Ι,
1137 3058 1168 3120 p.
1183 3049 1242 3101 atu
1257 3057 1274 3102 a
1289 3047 1478 3118 transumpto
1494 3042 1630 3104 authent.

332 3163 405 3208 ann.
424 3156 511 3220 1272,
525 3160 559 3208 n*
572 3147 720 3208 Ill-mr
733 3147 814 3211 bulla
826 3150 960 3227 orlglnall
973 3148 1122 3228 pendebat
1133 3148 1262 3227 siglllum
1276 3147 1447 3226 plumbeum
1462 3148 1521 3210 dlis
1534 3154 1633 3212 serlcls

335 3253 435 3314 rubeis
447 3260 477 3315 et
489 3253 629 3333 cltrlnis.)

259 3455 486 3528 Innocentius
506 3456 708 3552 episcopus,
731 3477 853 3528 servus
868 3477 1048 3528 servorum
1065 3455 1147 3543 Dei,
1167 3455 1357 3526 venerabili
1380 3455 1478 3526 iratri
1496 3457 1632 3532 archia·

211 3579 358 3674 piscopu
380 3580 522 3652 Barensi
544 3582 691 3652 salutem
716 3591 753 3652 et
768 3580 993 3676 apostolicam
1009 3578 1302 3651 benedictionem.
1320 3579 1392 3650 Etsi
1409 3581 1633 3654 ecclesiarum

210 3703 369 3775 omnium
385 3725 432 3775 ex
447 3705 603 3796 injuncto
620 3705 721 3778 nobis
738 3706 953 3800 apostulatus
966 3704 1080 3776 officio
1095 3703 1276 3775 intendere
1291 3703 1504 3798 profectibus
1519 3716 1635 3779 tenea·

212 3849 305 3916 mur,
324 3828 464 3899 illarum
487 3839 604 3900 tamen
628 3829 811 3902 commoda
835 3850 904 3922 que
924 3830 1077 3901 Romane
1103 3837 1296 3899 noscuntur
1315 3829 1413 3900 nullo
1438 3829 1632 3929 medio(c),

211 3952 413 4043 subjacere,
446 3962 542 4025 tantu
578 3954 766 4026 studiosius
796 3975 984 4049 procurare
1011 3975 1075 4024 nos
1114 3952 1278 4024 convenit
1315 3962 1447 4045 quanto
1486 3976 1533 4025 ex
1567 3956 1634 4029 boc

211 4075 308 4168 quod
329 4077 525 4171 specialiter
555 4077 704 4149 subsunt
727 4078 848 4167 uobis,
875 4078 1004 4149 arctius
1033 4076 1125 4147 curis
1145 4077 1299 4170 ipsamm
1332 4076 1512 4149 existimus
1542 4079 1632 4151 obli·

210 4199 296 4290 gali.
313 4200 457 4294 Propter
471 4201 566 4294 quod
580 4201 671 4274 circa
687 4222 747 4274 eas
760 4201 853 4273 illius
869 4201 1062 4272 intentione
1076 4200 1317 4273 sollicitudinis
1331 4200 1511 4294 invigilare
1526 4201 1633 4274 debe·

211 4339 291 4390 mus
312 4329 353 4390 ut
375 4339 446 4392 nun
470 4321 585 4392 solum
607 4341 678 4393 uon
700 4322 874 4418 patiamur
895 4331 1065 4414 quantum
1088 4322 1125 4392 in
1145 4321 1247 4392 nobis
1267 4330 1320 4392 cst
1337 4320 1538 4393 earumdem
1553 4323 1634 4413 jura

212 4435 374 4530 diminui,
389 4461 514 4511 verum
528 4441 633 4513 etiam
647 4452 684 4513 et
699 4463 740 4513 ea
756 4462 1002 4515 conservemus
1015 4440 1151 4532 integra
1170 4450 1205 4512 ct
1220 4440 1363 4536 insuper
1374 4451 1479 4534 prout
1489 4439 1635 4514 honeste

211 4562 405 4635 secundum
434 4564 545 4635 Deum
567 4587 765 4660 possumus,
792 4587 994 4658 augeamus.
1022 4565 1110 4636 Hinc
1141 4574 1193 4636 est
1221 4565 1317 4657 quod
1347 4560 1455 4662 [cum]
1481 4577 1633 4637 castrum

253 4757 298 4840 (a)
320 4761 357 4822 Iu
370 4763 514 4842 impresso
529 4760 611 4824 nullo
623 4761 718 4837 modo,
732 4765 819 4826 male.
