4318 5904
535 602 601 666 9oe
1085 601 1401 668 ADDITAMENTA.

540 762 695 844 mittant
729 763 797 872 qui
828 789 957 846 coram
996 790 1038 846 se
1073 789 1272 848 armorum
1306 762 1596 874 suspensionem
1627 761 1726 844 inter
1760 761 1949 847 civitatem

540 921 675 980 eorum
691 906 730 978 et
746 896 935 981 Veronam
953 907 1195 1008 pertractent.

621 1109 794 1191 (Memorat.
809 1129 858 1192 ap.
874 1114 1033 1185 Boanum,
1050 1113 1166 1196 Iterat.
1181 1113 1337 1193 imprr.‚p.
1352 1121 1424 1186 ²1⁵,
1436 1122 1470 1172 n·
1486 1121 1516 1186 ⁵,
1531 1128 1568 1172 ex
1582 1113 1666 1190 copta
1680 1111 1770 1173 secuit
1783 1111 1858 1174 xm
1869 1113 1951 1192 apud

659 1218 842 1298 Mantuam.)

588 1409 715 1479 Datum
729 1407 915 1498 Cremona,
930 1408 1039 1480 XXVI
1051 1405 1250 1480 novembris
1260 1427 1272 1497 ‚¹
1284 1403 1439 1478 mcuuda
1451 1404 1654 1478 indictione.

358 2023 490 2132 [ἔξω
593 2000 825 2108 FridericuS‚
853 1999 1114 2082 Romanorum
1138 2002 1359 2108 imperator,
1379 1997 1552 2104 [Hennae
1577 1997 1656 2080 filio
1682 2021 1752 2080 suo
1776 1996 1816 2078 in
1843 1996 1950 2080 Italia

390 2233 399 2266 Ι
537 2133 688 2243 imperii
713 2133 853 2242 legato]
876 2133 1035 2215 mandat
1062 2133 1168 2242 quod
1194 2131 1479 2242 inquisitionem
1500 2131 1581 2214 fieri
1604 2130 1717 2214 iaciat
1739 2131 1787 2216 de
1812 2131 1949 2216 mario

539 2267 714 2376 potestati
751 2266 914 2350 Ceseuae
945 2265 1088 2363 soluto,
1125 2276 1162 2348 et
1193 2275 1319 2374 partes
1345 2266 1394 2348 ad
1417 2265 1652 2374 imperialem
1669 2264 1818 2348 curiam
1835 2264 1950 2348 citare

540 2424 619 2483 non
632 2400 794 2483 omittat.

621 2616 716 2698 (Edit.
731 2618 763 2677 tn
775 2615 859 2678 Petri
871 2612 907 2675 dr
924 2614 991 2675 Vin.
1010 2615 1107 2694 epist„
1128 2615 1180 2677 lib.
1196 2614 1236 2694 V,
1256 2632 1322 2693 cap.
1337 2613 1449 2692 XLVI,
1469 2613 1537 2674 coti.
1556 2629 1626 2674 cum
1643 2613 1711 2677 cod.
1728 2613 1881 2692 Phillipps.
1896 2631 1946 2693 up.

658 2722 822 2784 Mlddlebill
835 2728 866 2783 et
876 2723 944 2785 cod.
958 2722 1132 2800 Vespasium.
1148 2722 1266 2783 Cotton.
1285 2723 1315 2781 tn
1329 2721 1402 2782 Brut
1418 2721 1497 2784 Mus.
1512 2718 1662 2800 Britann.)

588 2912 800 3000 aridei-icus,
822 2919 891 2983 etc.
914 2911 979 2983 Pro
996 2918 1095 3004 parts
1120 2909 1360 2982 universitatis.
1378 2909 1528 3000 Cesene,
1552 2917 1750 2981 nostmmm
1773 2905 1946 3000 fidelium,

541 3045 658 3107 nostre
685 3034 749 3104 tuit
780 3033 975 3106 celsitudini
1011 3055 1124 3128 nuper
1143 3033 1261 3106 oblata
1283 3034 1427 3127 querela
1452 3032 1548 3127 quod
1573 3055 1653 3105 cum
1679 3053 1742 3128 per
1770 3041 1805 3104 te
1835 3033 1949 3127 ipsum

540 3159 581 3231 G.
599 3158 643 3231 de
665 3210 674 3229 .
694 3211 702 3228 .
720 3209 729 3228 .
748 3156 862 3230 fidelis
879 3166 998 3228 noster
1018 3156 1174 3229 extiterit
1193 3157 1229 3228 in
1250 3157 1404 3253 ipsorum
1424 3166 1633 3252 potestatem
1654 3157 1804 3245 electus,
1822 3155 1949 3229 deinde

540 3282 664 3355 eodem
674 3282 715 3354 G.
730 3291 861 3372 amoto,
872 3282 978 3353 atium
993 3280 1107 3354 eidem
1121 3280 1157 3351 in
1170 3281 1327 3374 ejusdem
1341 3281 1528 3377 potestarie
1541 3281 1656 3354 officio
1670 3281 1812 3354 duxeris
1825 3282 1950 3354 subro-

539 3406 707 3499 gandum,
726 3405 881 3500 predicto
894 3406 935 3478 G.
954 3405 1067 3500 primo
1083 3407 1194 3478 electo
1210 3426 1275 3501 pro
1288 3414 1363 3478 rata
1380 3406 1544 3501 temporis
1560 3425 1631 3499 quo
1647 3406 1683 3476 in
1702 3407 1826 3479 eodem
1835 3406 1949 3480 officio

540 3540 696 3620 steterat,
715 3529 839 3602 salario
857 3551 921 3625 per
936 3530 1046 3626 ipsos,
1066 3530 1156 3602 sicut
1178 3530 1318 3620 dicunt,
1337 3530 1471 3624 integre
1488 3531 1686 3626 persoluto3
1711 3541 1749 3602 tu
1770 3531 1818 3604 ad
1842 3530 1950 3626 ipsius

539 3657 581 3730 G.
602 3654 887 3751 postulationem,
907 3653 995 3746 Juris
1011 3654 1133 3727 ordine
1152 3676 1222 3726 non
1239 3665 1398 3745 servato,
1418 3653 1581 3750 potestati
1604 3664 1640 3727 et
1660 3653 1950 3728 ambasiatoribus

539 3781 688 3853 civitatis
708 3779 800 3851 iilius
819 3780 992 3853 mandasti
1011 3789 1051 3851 ut
1068 3779 1183 3852 eidem
1198 3780 1238 3852 G.
1259 3779 1303 3852 de
1320 3789 1394 3851 toto
1415 3779 1562 3870 salariQ
1582 3779 1648 3874 ipsi
1670 3800 1735 3874 per
1753 3789 1864 3853 totum
1883 3803 1948 3852 an·

538 3925 624 3977 uum
652 3904 764 3999 primo
794 3911 945 3994 statuto,
980 3902 1249 3975 satisfactionem
1274 3901 1445 3995 integram
1478 3903 1593 3975 facero
1620 3925 1692 3976 non
1723 3913 1945 3998 postponant.

537 4028 714 4101 Assoritur
730 4027 835 4100 ctiam
854 4047 972 4099 coram
989 4027 1090 4100 nobis
1105 4048 1169 4121 per
1182 4026 1324 4100 eosdem
1340 4025 1437 4120 quod
1451 4048 1515 4122 per
1532 4028 1650 4100 literas
1667 4038 1744 4099 tuas
1757 4029 1888 4100 Thome
1902 4029 1947 4103 dc

537 4153 681 4226 Materia
703 4150 769 4249 (a),
789 4152 878 4224 sacri
898 4152 1034 4246 imperii
1056 4152 1092 4222 in
1109 4151 1313 4224 Romaniola
1328 4151 1457 4223 vicario
1473 4151 1646 4244 generali,
1669 4151 1802 4225 dudum
1821 4151 1948 4226 dedisti

537 4275 684 4349 firmiter
701 4277 738 4348 in
754 4276 927 4349 mandatis
947 4298 1010 4370 pro
1029 4276 1071 4348 G.
1092 4275 1252 4370 superius
1271 4275 1469 4366 nominato,
1490 4275 1587 4368 quod
1608 4275 1810 4349 mandatum
1833 4276 1948 4372 ipsum

538 4401 736 4475 executioni
753 4398 880 4474 debeat
893 4399 1124 4490 demandare,
1139 4399 1175 4470 in
1192 4420 1313 4472 eorum
1327 4420 1434 4492 grave
1444 4398 1676 4495 prejudicium
1690 4409 1725 4472 et
1737 4421 1943 4494 gravamen3

579 4603 621 4686 (a)
643 4606 680 4667 In
694 4603 880 4684 tmpressodc
891 4603 985 4680 dtur„
998 4611 1069 4677 atre
1084 4608 1116 4668 ln
1128 4605 1195 4667 cod.
1211 4605 1380 4684 Phidippo,
1395 4602 1593 4686 rtoptemodo
1606 4607 1735 4684 1th
1747 4609 1779 4668 tn
1790 4606 1858 4668 cod.
1875 4622 1946 4670 vero

540 4713 660 4789 Vespas.
674 4712 751 4773 Bibt.
769 4713 848 4776 Mus.
862 4713 1012 4788 Britann„
1027 4719 1120 4796 recte,
1136 4709 1241 4774 Tium
1253 4709 1289 4774 dr
1301 4711 1410 4792 mre,
1424 4729 1492 4774 cum
1504 4712 1732 4798 abbreviationis
1744 4715 1842 4794 signo.
