4306 5914
515 595 577 658 682
837 657 841 665 ,
1014 597 1232 663 calceate!
1256 601 1449 664 secuunt-
1730 609 1812 687 [bm.
1831 609 1919 672 lete.

516 741 665 806 ratorom
685 741 722 806 et
739 732 777 806 G.
793 739 914 805 uatum
934 735 1010 827 ojus
1029 734 1196 809 faciemus
1218 738 1463 812 inviolabiliter
1480 739 1675 836 observari,
1693 743 1740 817 ad
1755 755 1868 819 vestra
1887 755 1924 819 et

516 866 608 930 terre
621 866 737 930 vestre
751 857 933 930 commoda
950 869 985 931 et
1000 857 1150 932 honores
1166 861 1287 934 lortius
1300 865 1545 957 astringamur.

563 984 690 1056 Datum
706 981 879 1076 Lugduni,
892 983 937 1062 tl
955 982 1035 1058 idus
1050 983 1256 1079 decembris,
1277 986 1500 1084 pontificatus
1512 989 1622 1064 nostri
1638 1011 1734 1065 anno
1748 1002 1861 1068 sexto.

568 1619 809 1706 Innocentius
843 1647 943 1732 papa
968 1621 1250 1733 archiepiscopo
1280 1623 1503 1735 Maguutino
1533 1635 1571 1711 et
1606 1626 1725 1712 electo
1755 1629 1923 1738 Spirensi

516 1752 674 1836 mandat
708 1755 812 1864 quod
852 1755 1070 1838 vicesimam
1105 1755 1444 1842 aeclesiasticorum
1487 1773 1740 1869 proventuum
1785 1763 1924 1847 Terrae

516 1886 676 1971 Sanctae
694 1887 864 1971 subsidio
889 1888 1112 1998 deputatam
1126 1917 1194 2000 per
1220 1915 1380 2001 reguum
1407 1892 1654 1980 Alamanniae
1679 1895 1860 2008 colligant
1884 1909 1924 1981 et

516 2021 613 2107 nulli
631 2047 716 2106 eam
734 2021 928 2132 assignent
946 2021 1028 2107 sine
1046 2049 1116 2107 sua
1135 2021 1290 2108 licentia·
1303 2025 1470 2138 speciali.

596 2264 719 2345 (luadtt.
734 2281 774 2326 cx
787 2271 893 2345 rogent.
908 2266 967 2328 lttt.
981 2265 1085 2329 curtat.
1100 2268 1203 2329 lunoe.
1219 2266 1576 2351 1v,annov1,n¹·aas,
1591 2277 1661 2351 tto,
1677 2273 1709 2333 tu
1721 2269 1800 2334 Btbl.
1820 2270 1918 2334 Cesar.

635 2372 743 2453 Parin,
756 2369 918 2453 enascuda
929 2369 1020 2454 latin,
1034 2383 1069 2435 u⁰
1084 2373 1186 2454 4039.)

565 2587 786 2663 Innocentius
812 2587 1007 2684 episcopus,
1033 2608 1154 2661 servus
1176 2609 1354 2662 servorum
1373 2590 1453 2680 Dei,
1472 2589 1731 2687 archiepiscopo
1749 2592 1922 2685 Magunti-

516 2713 617 2788 nansi
635 2723 671 2786 et
683 2713 793 2786 electo
811 2711 1149 2808 Spirensi.Gereutes
1164 2713 1209 2786 de
1226 2722 1341 2786 vestre
1357 2714 1563 2788 sinceritatis
1579 2725 1614 2787 et
1627 2716 1822 2789 devotionis
1837 2737 1922 2788 oon·

503 2828 643 2914 'stantia
667 2837 829 2911 fiduciam
853 2837 888 2908 iu
904 2836 1062 2909 llomino
1082 2836 1288 2932 pleniorem,
1308 2839 1514 2910 mandamus
1535 2849 1707 2934 quatenvm
1723 2840 1923 2913 vicesimam

416 2973 421 2982 '
518 2963 826 3039 aeclesiasticomm
843 2970 1074 3058 proventuum
1091 2962 1194 3034 Terre
1207 2963 1333 3034 Sancte
1343 2961 1504 3036 subsidio
1519 2964 1720 3060 deputatam
1732 2963 1846 3057 colligi
1861 2986 1926 3059 par

517 3112 664 3184 reguum
677 3086 883 3160 Alemannis
897 3085 1074 3177 iacientes,
1092 3087 1200 3182 ipsam
1217 3087 1253 3158 in
1270 3094 1344 3160 tuto
1360 3087 1437 3160 loco
1450 3087 1624 3183 deponere
1633 3089 1923 3183 pmcuretis,non

516 3211 722 3308 assignaturi
736 3231 812 3283 eam
829 3209 930 3282 alicui
944 3209 1019 3281 sina
1033 3221 1150 3282 nostra
1165 3209 1301 3282 licentia
1319 3210 1473 3306 speciali,
1489 3232 1558 3284 non
1577 3213 1793 3285 obstantibus
1806 3212 1926 3305 aliqui·

516 3340 584 3412 bus
595 3334 819 3429 indulgentiis
832 3355 892 3406 seu
907 3333 1028 3406 litteris
1040 3334 1086 3405 ab
1099 3333 1295 3428 Apostolioa
1303 3335 1393 3408 Sede
1407 3336 1557 3408 obtentis
1572 3338 1629 3409 vel
1646 3337 1750 3408 etiam
1763 3336 1923 3408 obtinen-

518 3463 585 3552 dis,
604 3481 667 3557 par
685 3479 773 3553 quas
787 3458 986 3552 hujusmodi
1002 3458 1160 3532 collectio
1175 3460 1333 3555 impediri
1342 3462 1457 3532 valeat
1470 3463 1526 3532 vel
1544 3461 1673 3534 differri
1687 3461 1782 3534 etde
1797 3462 1924 3556 quibus

517 3585 704 3682 specialem
725 3591 884 3680 oporteat
905 3583 941 3654 iu
962 3583 1181 3678 presentibus
1200 3582 1275 3656 lieri
1297 3585 1523 3658 mentionem.
1544 3583 1835 3676 contradictores,
1852 3596 1919 3659 eto.

518 3710 619 3798 Quod
637 3710 752 3782 sinon
770 3708 903 3799 ambos,
922 3716 990 3780 eto.

565 3838 690 3910 Datum
708 3831 880 3926 Lugduni,
898 3832 928 3903 v
944 3831 1023 3904 idus
1035 3831 1242 3926 decembris,
1260 3853 1352 3907 anuo
1366 3833 1435 3906 Vl.

565 4081 671 4155 Paulo
683 4079 771 4151 inira
783 4077 914 4151 eisdem
922 4077 1142 4150 Innocentius
1157 4078 1313 4150 rescribit
1324 4088 1364 4151 ut
1376 4078 1633 4173 redemptiones
1645 4089 1805 4152 votomm
1819 4098 1921 4153 cruce

516 4207 730 4298 signatorum
744 4212 780 4274 et
794 4221 1013 4296 quecumque
1028 4202 1096 4272 alia
1114 4201 1277 4294 colligant
1293 4211 1328 4274 et
1340 4203 1518 4294 assignent
1532 4204 1605 4298 regi
1619 4207 1864 4294 Romauomm,
1883 4215 1924 4277 ut

517 4330 651 4404 facilius
663 4336 785 4399 contra
802 4325 1021 4398 Fredericum
1036 4326 1212 4418 negotium
1227 4327 1343 4398 valeat
1355 4326 1530 4422 prosequi.

566 4455 692 4527 Datum
706 4448 879 4547 Lugduni,
896 4449 939 4524 tv
952 4469 1063 4523 nonas
1074 4448 1237 4544 januarii,
1257 4469 1349 4524 auno
1364 4452 1433 4526 Vl⁰.
