4300 5916
237 609 403 688 hertam]
685 603 882 666 HISTORIA
907 599 1202 667 otetounvtct.
1585 597 1643 660 881

239 745 336 840 apud
365 741 549 831 Werdam,
571 761 677 836 super
704 740 846 813 flumine
873 739 978 829 lieni,
1007 739 1172 812 duximus
1193 733 1419 825 eximendos,
1446 732 1647 807 videliceta

237 869 330 942 testo
342 865 437 940 beati
452 865 589 938 Martini
602 865 771 960 presentis
784 864 880 955 anni,
894 864 1015 957 quinte
1034 861 1247 951 indictionis,
1279 880 1390 951 usque
1422 857 1467 931 ad
1499 869 1649 952 quatuor

241 1011 352 1063 annos
374 990 581 1084 completos3
613 987 819 1060 mandantes
842 987 1005 1080 quatinus
1031 987 1148 1057 nuilus
1169 984 1213 1056 sit
1229 983 1288 1077 qui
1305 983 1447 1055 eosdem
1462 983 1556 1054 cives
1569 1003 1649 1053 nos·

242 1124 314 1187 tros
330 1121 451 1186 contra
471 1111 641 1208 presentis
661 1111 771 1204 gratie
792 1119 909 1182 nostre
925 1120 1080 1183 tenorem
1097 1107 1226 1181 audeat
1241 1107 1285 1179 de
1299 1115 1416 1180 cetero
1429 1107 1649 1200 aliquatenus

390 1257 441 1307 re.

241 1237 419 1433 moIIZIIIm
434 1357 529 1453 apud
543 1357 718 1453 Spiream,
735 1355 845 1428 XXVI
862 1355 1085 1450 septembris,
1103 1355 1223 1450 quinte
1242 1353 1450 1428 indictionis.

719 1571 730 1604 Ι

299 1929 517 2037 Conradus,
544 1928 803 2012 Romanorum
830 1930 870 2010 in
897 1954 1027 2040 regem
1058 1927 1219 2035 electus,
1249 1939 1381 2011 notum
1420 1927 1510 2011 facit
1543 1932 1649 2040 quod

246 2086 336 2144 cum
355 2061 583 2145 Wilhelmus
601 2088 727 2146 comes
744 2062 964 2146 Juliacensis
987 2062 1059 2145 sub
1082 2061 1255 2145 cautione
1272 2061 1359 2144 fidei
1382 2086 1472 2146 suae
1494 2063 1648 2169 promi-

247 2193 339 2276 serit
364 2204 505 2276 terram
527 2193 764 2303 imperatoris
791 2204 923 2278 contra
947 2194 1154 2304 quemlibet
1182 2193 1395 2276 invasorem
1426 2193 1646 2301 defendere,

247 2325 325 2434 ipse
343 2327 466 2409 eidem
488 2327 616 2410 comiti
635 2327 708 2409 tria
733 2326 854 2408 millia
872 2352 1088 2409 marcarum
1114 2326 1321 2436 assignavit
1338 2326 1410 2409 suh
1432 2327 1544 2410 certis
1569 2338 1651 2410 ter-

246 2458 362 2541 minis
379 2459 642 2568 persolvenda.

329 2673 462 2751 (Edtder.
479 2673 619 2751 Kanum,
634 2670 730 2734 Alrud.
746 2674 851 2750 Beitr,
863 2680 887 2734 t.
903 2674 958 2749 III,
974 2692 1005 2751 p.
1022 2682 1072 2734 92.
1083 2709 1124 2719 -
1135 2673 1326 2751 Lecounurr,
1344 2669 1524 2738 urbantate.
1533 2675 1593 2755 fiir
1605 2675 1651 2737 die

369 2777 463 2840 Geron.
479 2778 528 2842 dea
540 2777 707 2858 deamo,
722 2798 778 2841 rw.
794 2780 892 2861 bend,
906 2799 937 2859 p.
955 2791 1023 2854 160,
1037 2792 1071 2840 n⁰
1087 2779 1167 2860 tot.)

296 2967 491 3060 Conradus,
508 2967 582 3050 divi
597 2969 734 3062 augusti
748 2967 964 3063 imperatoris
978 2967 1142 3040 Friderici
1158 2965 1265 3057 iilius,
1282 2966 1346 3039 Dei
1359 2967 1469 3058 gratia
1479 2969 1650 3044 Romano·

248 3113 326 3164 rum
343 3092 378 3162 in
396 3113 514 3184 regem
536 3095 684 3182 electus,
707 3113 844 3187 semper
870 3101 1036 3184 augustus
1058 3100 1093 3162 et
1112 3090 1213 3162 heres
1236 3091 1335 3183 regni
1349 3091 1552 3182 Ierusalem,
1570 3093 1650 3164 uni·

248 3216 359 3287 versis
387 3216 521 3310 imperii
550 3215 710 3290 fidelibus
741 3226 918 3311 presentes
946 3216 1078 3288 litteras
1105 3215 1310 3310 inspecturis
1329 3215 1474 3307 gratiam
1497 3237 1596 3288 suam
1616 3225 1651 3288 et

250 3359 352 3410 omne
367 3339 512 3411 bonum.
541 3339 762 3412 Universitati
782 3349 896 3412 vestre
915 3348 1034 3411 notum
1052 3361 1127 3412 esse
1142 3340 1300 3410 volumus
1315 3338 1410 3432 quod
1424 3338 1649 3429 WiIbelmus,

250 3483 366 3536 comes
389 3463 609 3553 iuliacensis,
638 3463 784 3536 dilectus
804 3463 915 3536 fidelis
939 3474 1069 3553 noster,
1093 3474 1205 3536 astare
1221 3471 1356 3534 tenetur
1372 3461 1515 3535 firmiter
1529 3474 1565 3535 et
1577 3486 1650 3536 ser·

250 3588 338 3679 vire,
356 3586 438 3660 iidei
453 3609 514 3659 sue
527 3586 608 3659 data
625 3609 731 3684 super
745 3587 812 3660 boc
828 3588 1002 3678 cautione,
1018 3586 1159 3660 domino
1172 3586 1319 3681 genitori
1334 3597 1451 3660 nostro
1463 3588 1648 3679 Iriderico,

250 3712 481 3783 Romanorum
508 3711 707 3807 imperatori
731 3712 970 3803 serenissimo,
998 3721 1034 3783 et
1060 3711 1174 3802 nobis,
1202 3710 1434 3784 Romanorum
1470 3713 1505 3783 in
1533 3735 1650 3805 regem

251 3835 376 3926 electo,
409 3845 445 3907 et
463 3835 620 3931 promisit
646 3845 772 3908 terram
794 3845 948 3908 nostram
973 3836 1163 3909 secundum
1187 3835 1317 3907 dictum
1330 3835 1371 3906 E.
1391 3835 1435 3909 de
1449 3836 1647 3926 Eberstein,

251 4142 369 4216 legatum
383 4145 685 4202 excommunicarentur.
698 4145 798 4203 Civitas
812 4144 968 4201 Lubicensis
988 4159 1059 4202 anno
1076 4146 1146 4202 tata
1165 4143 1273 4202 ineunte
1284 4161 1300 4202 a
1313 4143 1447 4201 Iridericn
1464 4142 1594 4201 defecisse
1606 4143 1652 4199 ri·
1777 4219 1780 4227 .
1817 4205 1822 4212 ,

252 4239 340 4310 detur,
354 4239 376 4297 ei
391 4239 469 4296 fldem
483 4240 657 4298 adhibeamus
667 4241 763 4299 litteris
777 4242 935 4312 InnocentII,
951 4241 1020 4298 datie
1033 4241 1153 4314 Lugduni
1167 4240 1202 4297 III
1213 4241 1274 4298 idue
1282 4241 1396 4314 januarii
1407 4255 1478 4298 anno
1490 4241 1535 4312 IV,
1549 4245 1578 4297 et
1591 4256 1650 4296 car-

253 4335 349 4394 diuaIis
359 4335 450 4394 Sancti
463 4336 581 4410 Georgii,
594 4338 663 4395 datis
679 4338 849 4396 Andemachi
868 4340 903 4395 III
917 4354 999 4396 nonas
1012 4338 1172 4412 septembris
1190 4339 1271 4395 tw.
1293 4339 1389 4396 Postea
1402 4344 1492 4396 autem
1507 4337 1544 4394 ad
1561 4343 1653 4411 partes

253 4433 395 4490 Staoiflcae
407 4433 504 4490 domus
517 4435 610 4506 rediit,
627 4436 698 4495 sicut
713 4437 893 4510 comperimus
904 4452 936 4492 ex
949 4434 1088 4509 papalibus
1101 4435 1207 4508 litteris,
1223 4435 1291 4493 datis
1303 4436 1438 4510 Lugduni,
1452 4433 1573 4493 kalendis
1582 4433 1652 4507 julii,

254 4531 423 4604 pontificatus
435 4549 505 4591 anno
516 4533 575 4606 vu,
587 4521 709 4592 sedmox
721 4536 748 4591 in
759 4535 869 4592 alteram
882 4542 984 4609 partem
998 4540 1133 4609 postremo
1147 4549 1276 4593 convena
1288 4542 1339 4606 est,
1354 4551 1388 4593 ex
1400 4535 1452 4592 alia
1466 4534 1577 4608 epistola
1592 4535 1655 4590 data

254 4629 384 4702 Lugduni,
394 4631 430 4687 III
442 4645 527 4688 nonae
537 4631 698 4702 novembris,
706 4647 775 4690 anno
784 4633 832 4689 VII
840 4633 938 4705 (4249).
949 4633 990 4691 CI.
999 4631 1065 4691 cod.
1077 4631 1190 4706 diplom.
1207 4630 1313 4705 Labec,
1326 4647 1390 4707 pars
1402 4633 1424 4704 I,
1433 4630 1469 4688 ni·
1478 4631 1549 4704 CXI,
1559 4631 1653 4703 CXIII,

255 4725 350 4800 CXXI,
364 4727 484 4800 CXXVI,
494 4728 584 4802 CXLI,
598 4728 712 4790 CXLIV.
