4300 5916
530 573 593 640 sao
1070 573 1254 638 cornum
1278 573 1429 650 oosnrr
1750 573 1833 661 [su.
1850 577 1938 642 uu.

612 735 709 816 (ttdtt.
722 751 772 813 ap.
787 733 897 812 lonso,
913 733 987 797 uta
997 731 1072 810 utu,
1083 742 1107 797 t
1119 737 1145 814 1,
1155 755 1186 816 p.
1199 745 1270 816 tte,
1280 735 1449 798 etMonuct.
1461 734 1588 811 llct'c.,t.
1599 733 1697 812 XXX,
1707 751 1776 816 pers
1787 738 1815 815 1,
1825 754 1857 818 p.
1868 745 1937 819 tet,

649 853 683 904 n⁰
699 849 768 921 tot,
782 857 822 903 ex
834 842 972 922 ortglndl
984 843 1064 904 unde
1076 845 1134 904 trin
1147 843 1244 922 slgtlla
1256 858 1341 905 cerae
1357 841 1466 904 rubroc
1480 857 1520 903 ex
1537 840 1597 904 llllt
1614 843 1715 906 suida
1733 843 1818 906 rnbrl
1834 845 1939 908 colorls

648 947 828 1028 appendent,
841 947 951 1010 scllloet
964 947 1092 1012 Conrcdl
1105 950 1192 1028 mgb,
1204 947 1321 1010 abbebs
1331 949 1369 1011 de
1381 947 1480 1010 Salem
1493 952 1525 1010 et
1537 947 1665 1010 Conradt
1677 949 1714 1010 dc
1727 949 1818 1014 Ulmo
1829 950 1935 1014 clcld.

647 1083 690 1102 -
698 1053 895 1116 llemoratnm
909 1071 1027 1134 quoque
1040 1055 1214 1136 ultumas,
1231 1051 1327 1117 (lael
1343 1051 1396 1116 der
1408 1051 1635 1135 flammiger,
1649 1061 1675 1116 t.
1686 1055 1730 1136 11,
1743 1072 1775 1136 p.
1788 1057 1873 1136 css.)

578 1242 616 1311 ln
635 1239 775 1312 nomine
794 1241 942 1314 Domini.
962 1241 1087 1314 Amen.
1107 1239 1287 1314 Conradus
1304 1239 1377 1315 divi
1392 1240 1529 1333 augusti
1544 1239 1761 1336 imperatoris
1775 1241 1937 1316 Friderici

528 1363 641 1454 fitius,
658 1363 720 1436 Dei
733 1365 842 1458 gratia
856 1367 1089 1439 Romanorum
1104 1364 1140 1436 in
1155 1386 1273 1458 regem
1289 1365 1420 1437 electus
1433 1385 1571 1459 semper
1586 1373 1772 1458 augustus,
1788 1376 1825 1439 et
1836 1365 1935 1440 heres

528 1487 626 1579 regni
643 1487 846 1560 lemsalem.
872 1489 923 1561 Ne
941 1487 1035 1584 quod
1052 1489 1110 1585 pie
1133 1490 1267 1583 geritur
1292 1490 1393 1585 lapsu
1414 1487 1579 1584 temporis
1600 1487 1717 1561 valcat
1735 1489 1937 1585 scrupulosa

527 1609 698 1683 calliditas
712 1613 907 1705 maculare,
930 1622 1070 1685 cautum
1092 1622 1145 1684 est
1160 1612 1209 1684 sic
1240 1633 1281 1684 ea
1303 1633 1372 1705 que
1397 1606 1499 1702 liunt,
1517 1619 1621 1707 pmut
1642 1611 1734 1684 lacta
1758 1621 1853 1703 sunt,
1878 1611 1934 1684 lit·

528 1743 679 1806 terarum
694 1735 874 1832 appicibus
888 1735 1147 1812 commendare.
1165 1735 1298 1809 'lenore
1315 1733 1529 1832 presentium
1544 1742 1666 1807 notum
1682 1755 1758 1807 esse
1777 1735 1933 1831 cupimus

527 1868 598 1929 tam
622 1859 841 1955 presentibus
859 1880 964 1953 quam
980 1859 1105 1932 futuris
1131 1857 1226 1953 quod
1250 1857 1427 1932 constituti
1452 1877 1569 1930 coram
1590 1856 1692 1929 nobis
1714 1855 1933 1930 Eberhardns

525 1981 734 2055 venerabilis
749 1983 857 2056 abbas
873 1983 918 2055 de
933 1983 1060 2074 Salem,
1073 2004 1137 2078 pro
1154 2004 1191 2054 se
1208 1994 1244 2054 et
1255 2004 1319 2056 suo
1335 1991 1525 2072 conventu,
1535 1990 1571 2054 et
1584 1979 1762 2053 Conradus
1775 1981 1820 2054 de
1834 1979 1931 2054 Ulma

493 2145 496 2156 ·
525 2105 680 2179 notarius
698 2117 734 2179 et
749 2105 862 2180 fidelis
877 2116 996 2181 noster
1014 2129 1092 2180 cum
1116 2107 1278 2180 Heinrico
1291 2109 1396 2180 fratre
1414 2127 1478 2180 suo
1493 2105 1569 2178 cive
1587 2103 1741 2178 Ulmensi
1759 2103 1930 2202 supplica·

523 2229 610 2302 bant
624 2230 726 2303 nobis
738 2241 777 2302 ut
798 2241 981 2304 tractatum
996 2233 1202 2326 queminter
1215 2254 1253 2304 se
1265 2231 1460 2305 habuerant
1478 2229 1641 2304 dedomo
1655 2229 1831 2325 quondam
1843 2231 1931 2302 Mar·

526 2354 653 2446 quardi
666 2355 791 2428 notarii
804 2355 900 2452 apud
922 2357 1071 2446 Ulmam,
1099 2354 1271 2429 ratificare
1296 2377 1360 2452 per
1380 2364 1515 2428 nostras
1537 2353 1668 2427 litteras
1693 2353 1925 2448 dignaremur.

523 2477 626 2570 Cujus
643 2478 752 2550 lorma
777 2479 854 2550 talis
871 2489 923 2550 est
941 2511 950 2551 ε
969 2480 1146 2576 predictus
1160 2479 1335 2552 Corradus
1355 2479 1510 2552 notarius
1527 2477 1624 2551 dedit
1641 2477 1780 2572 triginta
1797 2499 1929 2551 mamas

522 2601 656 2692 argenti
674 2603 825 2674 claustro
849 2602 894 2674 de
915 2603 1052 2695 Salem,
1075 2625 1117 2676 eo
1138 2613 1239 2700 pacto
1262 2602 1357 2697 quod
1373 2604 1447 2698 ipse
1467 2610 1502 2674 et
1523 2602 1702 2674 Helorinus
1722 2603 1828 2675 frater
1846 2623 1927 2676 suns

522 2724 670 2797 eandem
695 2725 838 2799 domum
869 2749 980 2820 usque
1003 2725 1049 2800 ad
1071 2727 1257 2799 terminum
1274 2727 1345 2799 vite
1365 2749 1427 2800 sue
1449 2735 1592 2798 teneant
1608 2734 1645 2797 et
1662 2725 1861 2821 possideant
1882 2727 1927 2801 ad

520 2870 605 2921 usus
623 2871 721 2942 suos,
741 2862 777 2922 et
793 2851 882 2922 alter
899 2849 1062 2924 succedet
1079 2851 1180 2924 alteri
1195 2860 1274 2948 post
1288 2861 1435 2924 mortem
1448 2871 1558 2923 suam.
1573 2849 1726 2943 Utroque
1738 2871 1823 2923 vem
1838 2850 1925 2923 Con·

521 2972 607 3044 rado
624 2983 660 3046 et
674 2973 836 3046 Heinrico
853 2973 1049 3065 deffunctis‚
1066 2975 1183 3048 nullus
1197 2974 1364 3047 heredum
1384 2973 1431 3046 ab
1450 2973 1500 3046 eis
1524 2973 1809 3047 descendentium
1829 2974 1924 3068 quic·

519 3116 625 3188 quam
635 3097 723 3189 juris
739 3097 776 3168 in
791 3098 913 3170 eadem
927 3099 1030 3171 domo
1045 3097 1111 3170 sibi
1127 3099 1254 3195 poterit
1262 3098 1468 3188 vendicare,
1484 3098 1547 3172 sed
1562 3097 1609 3172 ad
1620 3119 1704 3170 usus
1718 3108 1753 3170 et
1767 3097 1923 3194 proprie·

519 3228 626 3292 tatem
643 3221 789 3316 predicti
806 3222 1003 3294 monasterii
1020 3223 1127 3294 libera
1145 3229 1351 3294 revertetur.
1370 3222 1580 3294 Memoratus
1594 3240 1734 3314 quoque
1749 3219 1925 3293 Conrndus

518 3344 673 3415 notarius
694 3364 756 3415 seu
784 3345 889 3417 trater
907 3347 982 3438 ejus
1004 3345 1184 3418 Heinricus
1202 3355 1294 3416 serta
1311 3354 1401 3416 tecta
1415 3344 1541 3418 domus
1554 3344 1703 3418 fideliter
1717 3341 1874 3418 reficient
1888 3354 1925 3417 et

518 3463 755 3536 emendabunt
769 3466 906 3562 plenius
922 3467 980 3540 ubi
1000 3467 1128 3541 tuerint
1144 3467 1375 3542 emendanda.
1394 3467 1530 3541 Fratres
1551 3478 1666 3540 autem
1686 3467 1730 3540 de
1744 3469 1858 3541 Salem
1876 3468 1922 3542 ad

517 3607 605 3681 opus
629 3609 730 3659 suum
752 3590 967 3696 inpredicta
989 3592 1093 3664 domo
1118 3614 1227 3663 unum
1243 3592 1421 3665 cellarium
1439 3601 1474 3663 et
1487 3614 1597 3663 unum
1613 3592 1777 3666 solarium
1797 3593 1921 3666 retine·

516 3709 616 3782 bunt.
636 3712 746 3808 Super
760 3715 936 3810 premissis
949 3737 1034 3788 vero
1050 3717 1121 3789 duo
1136 3717 1314 3790 literanum
1327 3716 1423 3812 paria
1432 3717 1604 3812 conscribi
1615 3717 1757 3808 debent,
1771 3739 1919 3811 quorum

514 3843 662 3927 utraque
674 3859 754 3931 pars
764 3859 873 3910 unum
887 3840 953 3910 sub
967 3851 1085 3912 nostro
1097 3851 1133 3913 ct
1149 3861 1269 3913 aarum
1280 3840 1400 3934 sigillis
1410 3840 1556 3935 accipiet
1572 3841 1834 3914 communitum.
1851 3843 1919 3916 Nos

513 3956 632 4053 itaque
650 3959 820 4034 dictarum
840 3964 989 4057 partium
1010 3963 1171 4060 precibus
1190 3973 1403 4056 annuentes,
1427 3974 1463 4036 et
1481 3963 1690 4038 ratificantcs
1715 3967 1917 4039 auctoritate

512 4081 607 4174 regia
622 4093 805 4156 tractatum
821 4086 996 4180 eumdem,
1015 4097 1118 4182 prout
1137 4087 1295 4184 superius
1314 4097 1366 4160 est
1381 4109 1582 4185 expressus,
1597 4088 1746 4184 sigillum
1762 4098 1917 4161 nostrum

511 4225 591 4277 cum
608 4206 728 4300 sigillis
744 4209 892 4305 predicti
911 4211 1047 4284 abbatis
1061 4223 1096 4284 et
1111 4211 1258 4285 Conredi
1273 4212 1398 4284 notarii
1412 4211 1520 4285 nostri
1532 4213 1599 4286 hiis
1615 4213 1737 4286 litteris
1752 4211 1915 4286 duximus

510 4331 770 4425 apponendum.

523 4469 525 4474 ·
559 4452 685 4526 Actum
712 4457 806 4551 apud
823 4457 1054 4550 Uberlingen‚
1072 4479 1165 4532 anuo
1184 4459 1294 4552 gratie
1310 4459 1493 4532 millesimo
1509 4459 1746 4533 ducentesimo
1762 4459 1911 4553 quadra·

509 4576 640 4666 gesimo
655 4580 787 4675 primo,
802 4603 921 4656 mense
935 4583 1103 4673 octobris,
1115 4583 1179 4656 XV
1192 4582 1402 4658 indictionis.
