4352 5940
223 661 320 720 omer.
337 653 384 741 6.]
664 649 861 716 lllsl'olilA
885 645 1181 716 uirtousrtcs.
1567 633 1629 699 623

222 793 391 891 piurimis,
401 792 475 866 lere
489 789 556 862 luit
570 807 678 862 manu
693 788 810 864 valida
826 790 1110 886 mptiratus,etc.
1122 778 1261 878 (Suhdit
1276 799 1314 852 se
1330 776 1483 874 episcopi
1499 784 1535 848 et
1547 791 1628 870 pra·

222 937 340 993 cerum
353 918 493 990 illorum
509 916 671 1012 praealtus
686 923 898 1012 permotum,
917 913 1033 1010 ipsum
1045 911 1081 982 in
1094 905 1248 981 Ecclesia
1263 903 1409 998 gratiam
1426 899 1627 986 admittere,

222 1063 263 1116 ac
275 1047 443 1140 provocat
454 1040 500 1113 ad
511 1041 791 1137 expectationem
805 1059 910 1134 quarn
926 1037 951 1110 ii
965 1036 1010 1110 de
1025 1033 1133 1132 ipsius
1148 1031 1276 1104 virtute
1289 1028 1361 1102 suis
1375 1024 1497 1098 litteris
1512 1021 1630 1096 conci·

222 1173 339 1240 terunt
353 1163 623 1262 sustinendam.)

268 1293 397 1365 Datum
414 1289 587 1384 Lugduni,
599 1289 715 1362 idibus
728 1287 823 1380 maii,
834 1305 927 1360 auno
941 1285 997 1358 V’.

273 1915 519 2001 Innocentius
537 1935 637 2023 papa
659 1909 898 2022 patriarchae
918 1908 1248 2019 ierosolymitano,
1268 1905 1454 2016 magistro
1477 1903 1633 1987 militiae
1690 1917 1806 2015 sgsgffig

223 2046 372 2160 Templi
411 2057 449 2133 et
490 2045 671 2132 omnibus
711 2069 779 2156 per
819 2069 982 2154 regnum
1018 2037 1376 2153 ierosolymitanum
1421 2033 1634 2122 constitutis

222 2184 383 2266 mandat
411 2179 517 2293 quod
551 2177 800 2262 l'homasium
828 2175 1006 2260 comitem
1034 2167 1468 2282 Acerramm,Friderioi
1498 2196 1632 2282 quon-

223 2315 315 2398 dam
333 2311 572 2426 imperatoris
589 2311 775 2424 legatum,
797 2309 830 2392 si
849 2307 929 2395 fieri
948 2305 1068 2419 possit
1094 2307 1302 2420 expellant,
1322 2303 1479 2391 Pisanos
1497 2299 1633 2390 vexilla

222 2443 397 2558 ejusdem
430 2441 613 2530 Friderici
636 2453 830 2554 portantes
860 2453 1124 2552 compescant,
1156 2468 1281 2554 neque
1307 2465 1486 2551 praesens
1514 2436 1635 2550 ipsius

223 2579 334 2692 regni
351 2578 566 2663 dominium
583 2575 779 2660 immutari
797 2575 1029 2686 permittant.

309 2815 432 2896 (lnedlt.
447 2833 486 2877 ex
499 2815 615 2878 collect.
630 2815 674 2876 La
687 2813 775 2876 Porto
788 2813 830 2876 du
847 2813 931 2877 Thell
949 2817 980 2875 ln
995 2809 1073 2878 Bibl.
1090 2811 1187 2876 Cesar.
1202 2809 1311 2888 Puris,
1326 2827 1405 2874 auno
1420 2809 1459 2893 V,
1481 2809 1567 2891 cptst.
1583 2823 1634 2887 ot,

349 2929 388 2985 54
401 2928 430 2984 et
445 2931 495 2996 ar,
509 2921 561 2984 iol.
578 2931 653 2995 ⁵⁵83
668 2921 737 2984 coll.
753 2939 822 2985 cum
832 2923 931 2984 litdlce
943 2921 1058 3000 epistol.
1075 2919 1180 2983 lnuoc.
1195 2917 1254 3001 w,
1265 2917 1381 2996 didam,
1396 2919 1450 2982 iol.
1466 2919 1532 3000 9³.)

274 3133 512 3222 Innocentius,
533 3141 618 3222 etc,
637 3132 832 3228 patriarche
857 3133 1141 3228 lerosolymitanc
1161 3133 1359 3229 Apostolice
1382 3131 1482 3204 Sedis
1506 3133 1635 3225 legato,

224 3257 494 3352 archiepiscopis
510 3269 546 3327 et
561 3257 731 3352 episcopis
746 3277 789 3329 ac
803 3258 938 3330 dilectis
952 3256 1031 3328 liliis
1046 3258 1203 3352 prelatis,
1222 3257 1413 3352 templariis
1428 3265 1464 3328 et
1478 3255 1637 3351 hospita-

226 3381 323 3452 lariis
340 3390 377 3452 et
392 3381 556 3452 iratribus
576 3379 700 3452 domus
716 3380 1010 3453 Theutonioorum
1026 3403 1163 3454 necnon
1179 3382 1368 3453 baronibus
1384 3380 1557 3452 universis
1573 3379 1640 3452 de-

228 3505 319 3577 votis
336 3503 488 3576 Ecclesia
505 3503 542 3574 iu
557 3501 796 3574 transmarinis
812 3505 969 3599 partibus
986 3505 1196 3594 constitutis,
1208 3513 1275 3575 etc.
1285 3504 1385 3593 Cum,
1396 3503 1486 3574 siem
1501 3503 1636 3598 aceepi-

228 3625 530 3719 casinensem
543 3625 873 3700 comestlcerrarum
890 3628 951 3723 qni
965 3647 1032 3724 pro
1042 3628 1218 3702 Friderico
1233 3619 1409 3721 quondam
1427 3627 1636 3723 imperatore

227 3751 265 3822 in
289 3751 457 3823 comitatu
478 3749 689 3846 Tripolitana
712 3751 838 3823 dicitur
857 3753 1083 3843 commorari,
1102 3753 1239 3825 devotis
1258 3751 1410 3824 Ecclesia
1430 3763 1556 3824 noceat
1575 3770 1639 3846 per

228 3874 353 3947 modos
375 3884 411 3946 et
433 3874 614 3946 fraudosa
637 3871 779 3946 domiuo
801 3895 865 3947 suo
887 3877 1006 3948 solitos
1028 3876 1117 3948 siem
1139 3885 1270 3972 potest,
1287 3876 1503 3948 universitati
1522 3885 1638 3949 vestre

228 3997 439 4070 mandamus
457 3998 743 4091 quatenusquod
762 3997 854 4070 idem
876 4019 994 4071 comes
1008 3999 1053 4070 de
1070 4001 1227 4096 partibus
1246 4001 1311 4071 illis
1333 4000 1476 4072 omniuo
1498 3997 1639 4072 recedat

228 4122 375 4194 sollicite
392 4121 568 4194 laboretis.
587 4121 641 4192 Tu
656 4141 752 4210 vcro,
772 4122 882 4196 irater
893 4123 1101 4218 patriarcha,
1118 4125 1194 4196 loca
1211 4125 1271 4196 ubi
1288 4135 1443 4197 moratur
1459 4135 1495 4196 et
1509 4124 1555 4196 ad
1569 4143 1639 4219 que

229 4243 343 4340 ipsum
358 4246 541 4340 pervenire
550 4245 747 4337 contgcrit,
757 4246 961 4318 cadonato
971 4257 1089 4319 nostra
1104 4269 1281 4344 supponas
1293 4245 1527 4322 eeclesiastico
1537 4249 1641 4322 inter·

229 4366 338 4458 dioto,
357 4369 640 4460 contradictores,
657 4377 723 4440 etc.

279 4493 406 4564 Datum
421 4493 594 4585 Lugduni,
610 4491 683 4565 Vlll
698 4490 864 4564 kalendas
876 4494 979 4585 junii,
998 4515 1091 4567 anuo
1106 4496 1148 4567 V.

279 4615 513 4708 Innocentius,
526 4613 1093 4711 etc.‚patriaronelcrosctimitano
1104 4618 1301 4715 Apostolice
1313 4621 1412 4694 Sedis
1423 4623 1552 4716 legato,
1570 4635 1639 4698 eto.

229 4736 328 4830 Cum,
336 4737 426 4811 sicut
438 4739 647 4836 accepimus,
656 4745 767 4820 Pisani
781 4755 817 4818 et
830 4746 949 4841 plures
962 4744 1021 4815 alii
1034 4743 1071 4814 in
1086 4764 1207 4815 eorum
1221 4744 1471 4835 nantoacum
1484 4746 1643 4821 adAcco·
