4310 5908
499 592 558 655 '138
994 589 1209 652 lutnuluct
1232 588 1406 652 SECUNDl
1713 591 1796 674 [arr.
1813 593 1902 660 litu.

499 737 591 799 trum
606 727 642 798 in
655 725 833 797 tristiciam
846 733 1082 798 convertetur.
1096 724 1316 797 Considerate
1332 724 1436 818 igitur
1442 723 1586 820 provide
1600 734 1636 796 et
1647 725 1818 798 attendite
1829 727 1902 800 dili·

497 859 621 942 genter
650 849 745 943 quod
769 850 928 944 quemvis
961 849 1097 944 imperii
1124 849 1233 922 nostri
1256 849 1423 922 serenitas
1457 869 1560 943 passa
1583 848 1744 922 rideatur
1769 851 1903 946 aliquas

499 982 741 1070 tempestates,
758 981 874 1044 tamen
892 972 928 1043 in
945 972 1050 1066 digno
1064 971 1126 1043 Dei
1145 971 1277 1064 judicio
1296 971 1423 1044 multos
1443 971 1489 1045 de
1511 971 1653 1064 illisqui
1666 973 1814 1046 rebelles
1827 995 1902 1048 esse

497 1107 614 1168 nostre
633 1095 787 1191 potentie
804 1104 1111 1191 presumpserunt,
1133 1095 1274 1188 justicia
1294 1095 1485 1186 mediante,
1501 1095 1549 1167 ad
1563 1116 1688 1190 penam
1703 1106 1739 1168 et
1754 1108 1902 1171 mortem

497 1220 753 1310 conduximus,
770 1221 970 1314 exemplum
984 1219 1118 1291 cunctis
1130 1218 1327 1292 hominibus
1341 1218 1449 1291 seculi
1465 1219 1699 1322 monstraturi.
1717 1220 1794 1292 Non
1810 1221 1902 1294 enim

497 1341 586 1415 sicut
601 1353 722 1438 putare
736 1343 903 1416 videmini
918 1395 929 1434 ,
946 1342 1058 1438 sopita
1077 1352 1130 1414 est
1141 1343 1287 1416 Romani
1305 1341 1442 1437 imperii
1459 1342 1641 1436 fortitude,
1665 1365 1747 1415 nanr
1764 1367 1903 1441 semper

495 1467 644 1560 vigilans
663 1477 699 1538 et
717 1476 849 1539 attenta
866 1467 1022 1563 potentia
1045 1488 1115 1540 non
1132 1467 1307 1540 dormitat.
1330 1468 1542 1559 Interrogata
1560 1476 1675 1562 putres
1687 1477 1844 1559 vestros,
1867 1479 1902 1542 et

497 1589 615 1663 dicent
631 1590 732 1664 vobis
750 1589 914 1685 quoniam
932 1612 1019 1662 evus
1036 1600 1155 1663 noster
1167 1590 1276 1663 felicis
1291 1590 1457 1663 memorie
1471 1591 1769 1665 victoriosissimus
1783 1594 1902 1666 Fride·

497 1714 609 1806 ricus,
630 1737 709 1786 eum
725 1715 852 1806 voluit,
871 1714 1147 1787 Mediolanenses
1163 1714 1295 1811 priores
1316 1723 1449 1787 vestros
1467 1715 1638 1809 expolita
1656 1717 1804 1812 propriis
1820 1719 1900 1791 lari·

495 1837 562 1909 bus
581 1847 617 1910 et
635 1838 755 1930 ejecit,
775 1859 817 1909 ac
831 1837 1007 1910 civitatem
1023 1837 1134 1933 ipsam
1153 1838 1337 1932 tripartivit
1351 1838 1387 1909 in
1402 1838 1533 1930 burgis.
1550 1839 1628 1911 Non
1642 1839 1747 1932 igitur
1760 1851 1902 1938 pateant

496 1960 596 2032 facile
623 1981 726 2032 eures
750 1971 865 2033 vestre
886 1960 1164 2054 suggestionibus
1186 1983 1228 2033 ac
1250 1961 1506 2035 adulationibus
1527 1962 1815 2056 lombardorum,
1839 1965 1902 2060 qui

495 2106 559 2157 vos
582 2106 643 2157 sue
662 2083 875 2156 damnationi
893 2084 1055 2156 associari
1074 2085 1236 2180 cupiunt,
1262 2085 1465 2157 inducentes
1481 2106 1544 2157 vos
1562 2086 1598 2156 in
1615 2086 1750 2159 foveam
1766 2086 1812 2161 de
1831 2109 1901 2182 que

497 2208 594 2280 nullo
610 2208 741 2280 auxilio
762 2208 916 2303 poteritis
939 2208 1089 2281 liberari.
1112 2208 1330 2304 Quapropter
1348 2209 1518 2304 subpone
1535 2209 1644 2302 gratie
1665 2221 1782 2284 nostre
1800 2213 1901 2286 vobis

497 2331 706 2427 precipimus
731 2341 767 2403 et
791 2333 995 2404 mandamus
1018 2342 1190 2426 quatenus
1212 2332 1376 2406 dilectum
1402 2331 1511 2404 filium
1534 2342 1693 2407 nostrum
1716 2336 1758 2406 ll.
1782 2357 1900 2430 regem

496 2455 654 2528 Sardinie
673 2466 709 2527 et
724 2455 874 2547 Galluri,
897 2477 977 2528 cum
992 2457 1069 2528 aliis
1086 2454 1248 2530 fidelibus
1262 2456 1389 2530 nostris
1403 2457 1710 2550 Cremonensibus,
1726 2459 1899 2534 llub'nen·

496 2580 592 2653 sibus
626 2589 662 2650 et
686 2578 810 2652 ceteris
837 2581 912 2652 eliis
938 2602 1027 2675 quos
1054 2581 1211 2677 cepistis,
1237 2580 1321 2654 visis
1347 2581 1585 2678 presentibus,
1628 2582 1673 2656 de
1701 2585 1898 2659 carceribus

496 2704 672 2777 relaxetis.
696 2703 798 2790 Quod
820 2703 849 2776 si
871 2705 1033 2794 feceritis,
1052 2727 1116 2778 nos
1138 2705 1229 2777 inter
1246 2705 1332 2777 alias
1350 2704 1507 2777 civitates
1528 2707 1732 2780 Lombardie
1747 2719 1899 2782 vestram

496 2824 726 2899 exaltabimus
755 2827 960 2900 civitatem:
985 2829 1013 2900 si
1042 2849 1126 2900 vero
1156 2828 1309 2922 potentie
1337 2837 1455 2900 nostre
1477 2828 1647 2902 mandatis
1668 2833 1900 2925 neglexeretis

496 2951 662 3040 obedire,
690 2950 932 3045 triumphalem
961 2962 996 3023 et
1019 2951 1306 3024 innumerabilem
1334 2965 1491 3026 nostrum
1520 2955 1711 3028 exercitum
1733 2968 1899 3053 expecta·

495 3075 597 3164 bitis;
619 3075 740 3169 procul
768 3074 875 3147 dubio
902 3087 1150 3168 cognoscentes
1179 3075 1274 3168 quod
1299 3076 1346 3148 ad
1372 3098 1435 3149 vos
1470 3077 1565 3149 omni
1588 3099 1684 3150 mora
1709 3082 1899 3176 postposite

496 3198 695 3290 veniemus,
714 3207 749 3270 et
764 3197 938 3270 civitatem
961 3199 1072 3295 ipsam
1092 3198 1347 3290 obsidebimus,
1367 3221 1434 3272 nec
1455 3201 1501 3274 de
1520 3202 1679 3274 manibus
1695 3204 1821 3276 nostris
1837 3225 1900 3278 vos

497 3321 643 3394 liberare
654 3330 818 3416 poterunt
828 3321 965 3413 Ligurie
981 3322 1189 3417 proditores,
1205 3322 1266 3394 sed
1274 3322 1368 3394 eritis
1379 3324 1495 3397 fabula
1508 3335 1543 3396 et
1551 3327 1775 3421 opprobrium
1787 3328 1899 3402 natio·

495 3443 600 3534 num,
618 3465 661 3516 uc
676 3443 776 3517 vobis
791 3445 1082 3541 improperabitur
1097 3445 1131 3517 in
1149 3454 1321 3517 eternum.

717 3792 931 3804 m...-

335 4087 429 4145 unur
548 4071 755 4180 Responsio
789 4051 1085 4157 Bononiensium
1117 4076 1166 4158 ad
1193 4077 1336 4160 litteras
1371 4078 1549 4163 Friderici
1578 4081 1836 4191 imperatoris,
1859 4097 1897 4170 et

494 4203 598 4310 quod
616 4228 745 4314 regem
763 4203 942 4288 flentium
960 4233 1037 4290 non
1052 4207 1255 4293 dimittent.

574 4482 696 4560 (lnedlt.
709 4501 748 4544 ex
760 4485 824 4546 eod.
840 4485 917 4546 Blbl.
932 4487 1032 4551 Cesar.
1047 4473 1156 4564 Parin,
1169 4487 1333 4569 anc.sorrds
1348 4489 1434 4570 latiur,
1448 4503 1482 4555 n·
1497 4502 1586 4571 etto,
1600 4511 1670 4557 cnm
1683 4497 1740 4559 bac
1753 4498 1867 4561 rubrica
1879 4519 1889 4560 ε

614 4589 793 4669 ellespomio
801 4609 857 4670 per
870 4589 1010 4653 doctorem
1020 4593 1159 4655 mnrium
1172 4595 1205 4656 irr
1219 4593 1324 4678 lepidus
1338 4595 1485 4660 domiuum
1498 4597 1693 4664 duldedinem
1705 4599 1740 4665 de
1750 4603 1893 4685 Putreps·

612 4695 665 4755 riis
676 4697 764 4757 mero
776 4697 989 4760 Borwoierrstrrt.
1006 4719 1022 4760 ι
