4300 5916
237 645 338 708 holm.
354 645 400 724 2.]
553 673 565 682 -
682 642 879 706 HISTORIA
903 639 1197 705 strnounrlcrt.
1580 636 1642 698 84¹1

238 802 343 886 gers,
362 775 587 860 Rubenrode
603 787 641 859 et
664 775 954 860 Germanisdorf
972 800 1041 884 pro
1060 782 1261 856 numerata
1282 770 1440 879 munia
1465 769 1639 876 redemit,

237 936 358 1019 quam
384 909 568 1018 recepisse
588 908 739 1017 publice
763 935 892 992 corum
915 934 954 991 se
979 907 1139 1017 professi
1162 914 1251 988 sunt
1276 903 1302 984 ii
1330 902 1470 1014 quibus
1491 901 1641 986 fuerunt

236 1039 421 1152 obligata.

319 1255 413 1336 (lldlt.
428 1273 477 1332 ap.
494 1256 627 1316 Mortuus.
641 1255 741 1334 Buca,
757 1262 781 1316 t.
797 1254 913 1332 XXXI,
928 1271 996 1332 pars
1009 1254 1041 1329 I,
1056 1269 1087 1330 p.
1102 1261 1173 1330 tte,
1188 1269 1225 1312 ex
1240 1251 1306 1311 cod.
1321 1250 1427 1328 coplul.
1441 1251 1638 1332 Babenberg,

357 1377 416 1424 uec.
431 1363 515 1438 XIll,
529 1361 582 1423 tol.
600 1370 657 1422 tto
671 1361 702 1424 b.
716 1367 872 1422 memorat.
887 1377 937 1438 np.
955 1357 1132 1422 outrelclcr
1143 1357 1215 1419 ttbcr
1232 1353 1429 1452 l'itclmld,
1446 1357 1489 1437 t.)

282 1547 504 1636 Cbunradns,
524 1547 596 1621 divi
613 1548 751 1642 augusti
769 1546 987 1642 imperatoris
1000 1545 1163 1620 Friderioi
1176 1543 1286 1637 lilius,
1306 1545 1368 1617 Dei
1387 1546 1498 1638 gratia
1512 1546 1637 1619 Romu·

234 1691 362 1743 norum
390 1671 426 1742 in
454 1692 573 1763 regem
598 1673 746 1760 electus,
770 1691 908 1765 semper
935 1679 1103 1762 augustus
1125 1679 1161 1741 et
1183 1669 1284 1740 heres
1311 1670 1409 1761 regni
1432 1671 1635 1742 Jerusalem.

234 1795 417 1868 Constituti
432 1817 547 1868 coram
560 1795 662 1868 uobis
679 1794 862 1890 subscripti
880 1793 1017 1889 publice
1035 1801 1116 1865 sunt
1130 1793 1296 1887 professi:
1312 1793 1475 1865 videlicet
1489 1793 1586 1888 quod
1602 1793 1638 1864 in

234 1918 355 2012 primis
375 1919 562 1991 llavelinns
588 1919 632 1991 de
653 1917 854 1992 llarinstein
874 1939 939 2012 pro
961 1916 1160 1989 bominibus
1184 1917 1229 1989 de
1255 1916 1455 1989 Aflboldere
1479 1925 1515 1988 et
1541 1916 1639 1988 curia

232 2041 407 2134 bleingers
428 2043 599 2136 receperit
620 2041 666 2113 ab
689 2040 850 2142 Heinrico
862 2039 1054 2113 venerabili
1070 2039 1350 2132 Babenbergensi
1369 2041 1492 2131 electo,
1511 2039 1638 2112 dilecto

233 2165 390 2260 principe
408 2176 541 2256 nostro,
559 2165 740 2257 sexaginta
756 2186 820 2236 sex
834 2163 939 2236 libras
951 2162 1249 2256 Babenbergensis
1266 2173 1418 2252 monete,
1435 2185 1498 2258 pro
1512 2163 1638 2258 quibus

233 2289 358 2361 eadem
380 2289 446 2360 sibi
473 2290 610 2361 fuerant
631 2289 794 2382 obligata.
819 2290 905 2360 ltem
928 2287 1133 2360 Cbunradus
1155 2285 1247 2359 filius
1263 2288 1441 2380 quondam
1462 2288 1638 2380 butiglurii

232 2412 278 2485 de
293 2413 531 2486 Nurembercb
550 2414 722 2486 fatebatur
740 2433 778 2484 se
800 2412 972 2507 recepisse
989 2434 1053 2507 pro
1071 2409 1309 2505 redemptione
1324 2411 1496 2484 bonorum
1515 2411 1550 2482 in
1568 2412 1637 2484 Bu-

231 2535 389 2610 benrode
411 2536 534 2609 decem
555 2538 660 2610 libras
674 2536 992 2627 Nuremborgenses
1010 2535 1055 2606 ab
1069 2533 1209 2624 eodem,
1229 2535 1311 2606 item
1329 2536 1539 2608 Wolfrumus
1557 2537 1636 2633 pin·

232 2679 338 2730 cerna
358 2661 531 2732 fatebatur
545 2682 583 2732 se
599 2659 771 2755 recepisse
788 2681 852 2754 pro
869 2658 1108 2753 redemptione
1127 2658 1222 2730 curie
1240 2659 1500 2732 Germanisdorf
1514 2660 1638 2754 viginti

231 2803 380 2875 marcas,
398 2805 468 2878 que
486 2783 551 2856 sibi
569 2784 726 2856 similiter
743 2784 856 2855 fuerat
874 2783 1038 2875 obligata.
1060 2784 1147 2854 ltem
1168 2783 1286 2855 relicta
1301 2784 1482 2876 Cigenonis
1502 2785 1636 2858 fateba-

231 2915 341 2978 turso
354 2908 528 3003 recepisse
546 2928 609 3003 pro
623 2907 861 3002 redemptione
877 2907 1048 2978 bonorum
1062 2907 1098 2976 in
1114 2908 1339 2980 Loubendorf
1347 2909 1488 2981 XXXlV
1502 2929 1637 2982 marcas

231 3039 268 3103 et
280 3051 387 3102 unam
403 3031 527 3103 libram
545 3030 852 3123 Nurembergensis
868 3040 1020 3102 monete.
1035 3030 1078 3101 Et
1093 3053 1137 3110 ne
1154 3031 1190 3102 in
1206 3041 1384 3126 posterum
1397 3032 1522 3125 aliquis
1533 3032 1635 3103 dubi·

231 3154 371 3226 tationis
393 3156 575 3250 scmpnlus
597 3177 701 3249 super
725 3154 900 3250 premissis
925 3155 1042 3226 valeat
1064 3155 1229 3244 suboriri,
1250 3157 1352 3247 iuxta
1377 3157 1636 3249 requisitionem

232 3286 304 3347 tam
330 3278 432 3350 electi
454 3300 560 3371 quam
584 3278 689 3350 etiam
717 3278 965 3372 predictorum,
994 3289 1190 3373 presentem
1207 3279 1370 3374 paginam
1386 3279 1499 3373 sigillo
1527 3281 1636 3354 nostri

231 3402 393 3474 culminis
408 3402 552 3476 fecimus
568 3403 784 3475 communiri.

282 3526 408 3599 Actum
430 3527 525 3621 apud
549 3526 799 3617 Nurembercb,
817 3548 910 3600 anno
930 3525 1066 3597 Domini
1086 3526 1133 3598 M.
1146 3525 1335 3618 caxtsst,
1360 3529 1469 3600 XXIV
1490 3550 1636 3602 novem·

233 3649 322 3738 bris,
340 3650 493 3722 secundo
511 3649 720 3723 indictionis.

438 3921 815 3935 ——-——————
818 3925 1433 3942 *Q*

285 4164 502 4273 Comedus,
531 4165 571 4247 in
595 4165 853 4248 Romanorum
877 4191 1005 4277 regem
1028 4165 1167 4251 electus
1192 4180 1229 4252 et
1250 4170 1383 4253 haeres
1404 4173 1512 4281 regni
1535 4171 1631 4254 Hie·
1681 4196 1822 4302 ,affl

231 4298 414 4402 ruralem,
429 4299 641 4380 custodiam
655 4299 768 4380 castri
783 4299 980 4383 Ascalonis
996 4326 1083 4383 cum
1098 4302 1332 4410 pertinentiis
1351 4303 1433 4413 ejus
1452 4304 1633 4413 magistro
1658 4305 1686 4346 ³⁰
1706 4305 1840 4346 ”wll

231 4441 268 4512 et
294 4428 476 4512 fratribus
503 4429 699 4539 hospitalis
728 4430 855 4514 Sancti
886 4431 1067 4514 Iohannis
1093 4433 1412 4517 Hierosolimitani
1442 4437 1631 4519 commis-

232 4587 314 4643 sam
333 4570 371 4644 et
388 4561 462 4642 alia
481 4563 610 4644 omnic
628 4589 726 4672 quae
747 4564 905 4672 proinde
925 4565 973 4646 de
994 4565 1112 4674 patris
1138 4567 1196 4648 sui
1220 4567 1454 4675 beneplacito
1476 4596 1633 4678 prooes-

232 4704 375 4820 serunt,
396 4704 479 4776 rata
496 4694 664 4778 habetet
681 4722 728 4778 ex
750 4708 850 4778 certa
868 4697 1022 4780 scientia
1038 4724 1107 4781 sua
1125 4698 1337 4781 confirmat.
