4318 5904
528 559 590 622 nro
1079 531 1392 618 eonrrnirnnrn.

528 694 717 768 heredibus
731 694 767 765 in
783 703 992 789 perpetuum
1005 691 1051 766 de
1063 691 1175 784 gretie
1188 703 1307 764 nostre
1319 691 1537 788 plenitudine
1554 713 1601 766 ex
1614 703 1710 766 certo
1722 705 1842 770 nostro
1858 719 1942 772 con·

530 819 674 892 scientio
691 826 860 913 perpetuo
876 816 1121 890 confirmamus
1139 812 1203 910 (a),
1220 816 1317 887 solvo
1332 815 1475 888 servitio
1491 817 1587 909 quod
1604 818 1751 913 proinde
1771 821 1941 918 imperiali

530 943 625 1014 curie
644 951 762 1014 nostre
784 941 946 1030 debetur,
973 939 1136 1013 videlicet
1158 939 1262 1010 unius
1287 939 1405 1011 militie
1426 939 1552 1034 equitis
1576 943 1700 1014 armati
1722 953 1790 1016 tom
1815 966 1880 1041 per
1902 967 1940 1019 se

528 1083 638 1160 quam·
662 1087 725 1161 per
748 1085 830 1138 euos
853 1063 1002 1136 heredes
1026 1063 1063 1136 in
1087 1071 1295 1158 perpetuum
1321 1085 1385 1160 per
1409 1072 1479 1136 tres
1502 1061 1639 1138 menses
1662 1068 1825 1140 continue
1849 1069 1938 1144 intro

530 1211 697 1282 regnum,
716 1211 796 1262 cnm
812 1209 953 1260 necesse
970 1189 1054 1279 erit,
1073 1187 1170 1260 salvo
1186 1187 1352 1282 mandato
1368 1195 1404 1259 et
1419 1187 1638 1261 ordinatione
1652 1200 1770 1263 nostre
1784 1203 1820 1264 et
1834 1190 1936 1266 here·

530 1314 615 1387 dnm
632 1323 844 1386 nostrornm.
866 1311 920 1384 led
939 1311 1067 1384 tenoris
1082 1309 1159 1408 (sic)
1180 1321 1296 1383 autem
1313 1309 1584 1414 confirmationis
1599 1324 1717 1387 nostre
1735 1317 1937 1389 memoriam

530 1451 566 1511 et
579 1439 686 1513 robur
707 1447 876 1534 perpetuo
895 1438 1101 1526 valiturum,
1126 1457 1270 1531 presens
1291 1435 1374 1508 inde
1394 1437 1612 1532 privilegium
1633 1461 1697 1533 per
1722 1439 1868 1512 Paulum
1893 1441 1937 1514 de

531 1562 687 1636 Hostinio
707 1562 882 1636 notarium
902 1573 938 1636 et
955 1561 1095 1636 fidelem
1116 1570 1273 1634 nostrum
1293 1560 1397 1632 scribi
1419 1572 1455 1633 et
1472 1561 1585 1654 sigillo
1608 1563 1798 1655 mejestatis
1821 1576 1937 1638 nostre

525 1687 693 1781 jussimus
709 1687 928 1760 communiri.
1043 1767 1046 1772 ,

579 1811 704 1883 Dolum
730 1810 833 1904 Fogie
858 1832 922 1905 per
945 1829 1087 1880 manum
1119 1809 1272 1902 magistri
1303 1808 1396 1881 Petri
1423 1808 1468 1881 de
1490 1809 1617 1901 Vinea,
1646 1812 1835 1908 imperialis
1859 1814 1936 1886 aule

530 1934 782 2031 prothonotarii
799 1944 835 2006 el
849 1933 947 2026 regni
962 1933 1075 2006 Sicilie
1092 1932 1284 2025 logothele,
1302 1953 1394 2004 enno
1410 1932 1582 2006 dominice
1597 1935 1844 2009 incarnationis
1860 1937 1936 2008 rnil-

531 2061 652 2133 lesimo
675 2059 914 2133 ducentesimo
933 2057 1201 2153 quadragesimo
1226 2058 1347 2150 tertio,
1365 2079 1485 2130 mense
1505 2060 1629 2150 medii,
1653 2060 1806 2133 secunde
1827 2060 1935 2132 indic-

532 2184 634 2258 tionis
651 2183 717 2281 (l),
740 2183 933 2279 imperante
949 2183 1092 2256 domino
1107 2181 1303 2272 Frederico‚
1317 2182 1382 2254 Dei
1396 2182 1508 2275 gretie
1524 2182 1750 2257 invictissimo
1762 2185 1934 2257 Romano·

531 2331 609 2381 rnrn
626 2309 833 2403 imperatore
849 2327 987 2401 semper
1001 2315 1167 2398 augusto,
1184 2305 1376 2378 Jerusalem
1391 2316 1426 2378 et
1440 2306 1554 2380 Sicilie
1571 2327 1673 2401 rege,
1691 2329 1784 2381 anno
1802 2308 1936 2405 imperii

530 2435 607 2525 ejus
636 2431 800 2504 vicesimo
835 2430 1008 2521 secundo,
1037 2429 1135 2524 regni
1162 2429 1353 2502 Jerusalem
1385 2441 1510 2505 oclevo
1541 2431 1697 2523 decimo,
1729 2431 1827 2526 regni
1854 2453 1937 2506 vcro

530 2557 644 2630 Sicilie
661 2577 754 2628 anno
771 2553 1038 2650 quadragesimo
1054 2564 1196 2645 octavo,
1215 2553 1373 2627 feliciter.
1393 2554 1518 2628 Amen.

325 3158 503 3258 effic.
584 3138 815 3247 Friderioos,
854 3139 1112 3224 Romanorum
1147 3141 1369 3251 imperator,
1393 3139 1633 3224 Berlholocto
1656 3117 1791 3222 comiti
1818 3135 1933 3246 pelo-

529 3270 610 3353 tino
633 3271 682 3353 de
703 3270 798 3381 Ripo
820 3272 968 3355 insulae
993 3272 1170 3357 Sozoriae
1194 3285 1232 3356 et
1252 3273 1459 3381 Bardinae,
1478 3272 1581 3356 fideli
1608 3297 1699 3378 suo,
1712 3280 1934 3381 potestatem

529 3403 703 3487 concedit
728 3404 877 3513 spurios
894 3404 993 3488 filios
1016 3405 1270 3516 legitimandi,
1296 3405 1444 3515 judices
1469 3404 1682 3496 ordinarios
1708 3415 1746 3488 et
1769 3402 1935 3486 notarios

528 3535 752 3646 ordinandi,
773 3549 864 3645 etc,
884 3564 962 3622 non
989 3537 1164 3622 obstante
1185 3538 1269 3649 lege
1287 3564 1386 3647 quoe
1403 3539 1553 3647 spurios
1569 3536 1774 3648 legitimari
1795 3535 1935 3618 nisiex

529 3681 630 3754 cerlo
648 3669 858 3782 [imperiali]
877 3671 1032 3755 scientie
1050 3698 1127 3756 non
1146 3671 1343 3782 permittit.

611 3883 783 3964 (Memorat.
797 3891 828 3948 et
839 3892 918 3948 extr.
933 3902 982 3964 op.
999 3887 1183 3961 Monnronr,
1198 3884 1309 3966 serpe.
1323 3901 1380 3947 rer.
1397 3882 1507 3966 Italic„
1521 3891 1545 3946 t.
1560 3884 1649 3962 XVI,
1665 3901 1696 3964 p.
1716 3893 1788 3964 eet,
1801 3899 1840 3944 ex
1852 3885 1934 3962 copto

648 3991 777 4069 quodem
795 3992 933 4052 netertell
947 3992 1037 4052 eecoll
1055 3990 1138 4065 xlv,
1154 3991 1234 4068 opud
1251 3993 1444 4054 Florentium.
1460 3993 1591 4054 Textnrn
1607 3993 1756 4069 integrum
1774 4005 1856 4052 nnnc
1872 3989 1933 4067 prl-

528 4157 531 4163 ,
649 4113 734 4157 mum
751 4097 867 4160 colmes
879 4113 916 4158 ex
931 4097 1014 4160 arch.
1033 4103 1131 4158 noter.
1150 4097 1315 4174 Bononiae,
1330 4104 1435 4179 regest.
1451 4099 1519 4176 La,
1534 4096 1587 4161 iol.
1607 4109 1617 4159 ι
1635 4097 1674 4158 od
1691 4105 1709 4158 4
1725 4111 1830 4174 reric,
1849 4102 1933 4156 tren·

571 4278 613 4359 (o)
635 4279 671 4342 In
685 4284 827 4361 lmpreeco
839 4279 1060 4362 confirmantur.

528 4537 530 4542 Ι
565 4581 605 4652 (4)
622 4581 718 4656 Neque
733 4545 804 4640 anno
818 4585 888 4641 itte
899 4598 987 4658 neqrn
1001 4599 1072 4642 enno
1086 4583 1170 4652 llll,
1185 4597 1279 4640 mense
1291 4581 1377 4654 maie,
1394 4581 1466 4656 opud
1482 4579 1608 4654 Boggirrn
1619 4577 1768 4638 rederico
1782 4592 1934 4638 commere-

529 4685 573 4738 tos
586 4684 636 4737 eet.
