4352 5940
1005 592 1222 660 inlustret
1246 589 1419 656 sacuam
1722 592 1804 669 [liar.
1822 591 1911 655 latr.

1193 834 1227 906 11

554 1015 754 1086 vestrorum
769 1009 889 1103 corda,
898 1013 998 1084 velut
1012 1011 1149 1107 imperii
1160 1010 1318 1084 fidelium
1330 1011 1551 1100 desotomm,
1564 1008 1610 1081 ds
1622 1010 1799 1104 prosperis
1812 1011 1913 1083 nevis

506 1135 785 1229 contingentibus
800 1135 950 1207 recreari
962 1135 1134 1225 volentes,
1152 1135 1197 1208 de
1213 1133 1352 1206 sinistro
1366 1153 1450 1205 casn
1466 1133 1615 1204 civitatis
1629 1133 1835 1224 Parmensis,
1851 1134 1912 1228 qni

505 1281 618 1354 nuper
632 1257 759 1331 accidit
775 1277 896 1328 eorum
911 1257 1047 1330 malicia
1060 1257 1276 1348 insurgente,
1292 1251 1406 1353 [vobis
1421 1251 1633 1351 intimamus]
1647 1263 1687 1326 ut
1705 1271 1777 1326 una
1792 1256 1912 1328 vobis·

505 1403 585 1455 cum
603 1381 752 1477 proinde
772 1379 938 1470 recreati,
964 1381 1011 1452 ad
1038 1381 1286 1453 exalationem
1309 1378 1519 1450 serenissimi
1539 1377 1648 1474 patris
1674 1377 1786 1450 nostri
1812 1388 1850 1450 et
1866 1379 1913 1452 nd

503 1505 739 1581 Parmensium
754 1505 907 1600 ipsorum
922 1504 1093 1576 maliciam
1108 1503 1371 1594 refrenandam,
1388 1503 1450 1598 qui
1464 1502 1559 1574 viam
1575 1509 1708 1574 recum
1722 1518 1808 1576 vers
1824 1501 1911 1574 lide·

504 1629 610 1702 litatis
632 1628 747 1718 obliti,
770 1627 807 1699 in
831 1627 1005 1700 sinistram
1028 1637 1163 1722 partem
1185 1647 1306 1700 eorum
1333 1645 1460 1721 pravos
1487 1625 1622 1697 animos
1645 1635 1910 1716 conseminat,

505 1751 690 1847 assumptis
698 1751 830 1823 viribus
839 1751 964 1824 vestris
975 1752 1166 1824 etaliorum
1173 1751 1308 1844 imperii
1315 1748 1473 1823 fidelium
1481 1749 1730 1842 jurisdictionis
1737 1749 1912 1839 nostre,in

506 1897 611 1948 manu
627 1877 706 1948 lorti
725 1885 845 1947 contra
862 1895 921 1948 eos
937 1875 1083 1948 viriliter
1097 1875 1288 1971 procedere
1305 1873 1540 1946 intendamus.
1560 1873 1684 1945 Vestra
1700 1881 1822 1944 noscat
1841 1871 1912 1944 sin·

506 2021 585 2073 cera
598 1994 739 2071 devotio
756 2007 791 2069 et
803 1998 1045 2071 commendata
1055 1996 1204 2071 fidelitas
1219 2017 1283 2071 nos
1294 1998 1315 2070 a
1327 1995 1510 2089 magnifico
1521 1997 1598 2068 viro
1610 1995 1753 2069 domino
1763 1995 1806 2068 ll.
1818 1996 1913 2067 illus·

508 2125 551 2196 tri
564 2144 646 2215 rege
662 2121 832 2212 Sardinia,
849 2123 1020 2218 recepisse
1038 2122 1154 2194 literas
1170 2123 1206 2194 in
1222 2121 1289 2192 bac
1302 2122 1413 2194 torma
1431 2143 1440 2188 ε
1458 2120 1571 2193 Nobili
1584 2119 1661 2192 viro
1677 2117 1851 2192 Friderico
1867 2118 1913 2191 ds

507 2245 703 2337 Antiochia,
714 2253 799 2337 etc,
809 2243 1075 2339 lleinrieus,llei
1091 2245 1202 2339 gratia
1214 2265 1281 2316 rex
1292 2244 1454 2317 larrium
1467 2253 1504 2316 et
1516 2243 1659 2334 Galluri,
1671 2251 1737 2314 etc.
1749 2243 1914 2316 volentes

507 2369 613 2462 igitur
627 2367 786 2464 predicta
805 2369 922 2441 omnia
939 2389 1020 2440 cnm
1041 2369 1217 2440 celeritate
1235 2389 1306 2461 qna
1326 2367 1489 2440 convenit
1508 2367 1654 2459 exequi,
1671 2373 1775 2461 prout
1791 2365 1909 2457 decet,

507 2509 571 2565 vos
585 2511 651 2587 pro
667 2501 766 2586 parte
781 2491 992 2564 serenissimi
1005 2491 1115 2587 patris
1129 2490 1238 2564 nostri
1258 2491 1428 2562 instanter
1441 2490 1665 2583 requirimus,
1684 2498 1721 2561 et
1735 2507 1783 2560 ex
1794 2497 1912 2561 nostra

507 2631 669 2708 rogamus
699 2620 734 2686 et
761 2609 942 2688 hortamur
970 2615 1135 2688 attentius
1166 2624 1339 2710 qnatenus
1363 2615 1479 2688 statim
1500 2613 1650 2707 receptis
1673 2613 1908 2708 presentibus,

507 2757 603 2812 more
619 2739 738 2830 solito,
755 2737 905 2811 fideliter
919 2745 956 2813 et
973 2737 1102 2812 maone
1120 2740 1212 2812 cirea
1231 2737 1604 2834 imperialiaobsequia
1619 2735 1813 2809 animorum
1833 2755 1911 2808 ves·

508 2871 639 2934 trorum
655 2879 775 2935 curam
788 2861 930 2955 vigilem
952 2861 1178 2952 adhibentes,
1197 2863 1297 2956 equis
1310 2871 1348 2934 et
1362 2862 1468 2934 armis
1482 2869 1687 2956 apparatum
1702 2859 1912 2934 laudabilem

507 2985 656 3078 faciatis,
677 2985 972 3081 quemadmodum
988 2995 1059 3060 tam
1075 2983 1208 3082 grande
1224 2987 1406 3079 negocium
1431 2985 1589 3081 exposcit
1605 2985 1651 3058 ad
1666 3005 1810 3080 presens
1831 3011 1841 3056 ε
1864 2985 1913 3056 its

507 3107 602 3203 quod
614 3109 660 3184 ad
674 3109 777 3183 aliam
791 3109 1049 3204 requisitionem
1065 3117 1233 3202 nostram,
1246 3119 1316 3182 tam
1329 3107 1478 3182 fideliter
1490 3129 1596 3202 quam
1611 3108 1831 3182 laudabiliter
1841 3127 1912 3180 una

507 3233 700 3326 nobiscum,
718 3233 747 3306 si
763 3255 851 3330 opos
866 3233 970 3310 fuerit
985 3253 1050 3330 pro
1065 3234 1244 3330 predictis,
1259 3244 1300 3306 ut
1311 3233 1488 3326 convenit,
1507 3233 1667 3307 veniatis.

1079 3571 1082 3579 ,
1196 3487 1249 3561 ιιι

557 3662 669 3739 Corda
690 3674 823 3762 vestra,
840 3665 939 3738 velut
961 3664 1097 3763 imperii
1123 3663 1277 3740 fidelium
1299 3665 1519 3758 devotorum,
1539 3664 1585 3737 de
1613 3665 1786 3762 prosperis
1813 3666 1912 3740 novis

509 3786 787 3879 contingentibus
803 3788 952 3862 recreari
968 3788 1137 3880 volentes,
1157 3787 1201 3860 de
1218 3789 1356 3862 sinistro
1373 3810 1455 3864 casu
1472 3787 1619 3862 civitatis
1637 3789 1842 3881 Parmensis
1852 3791 1912 3886 qui

508 3932 620 4006 nuper
636 3909 762 3982 accidit
781 3932 902 3983 eorum
919 3907 1051 3983 malitia
1066 3909 1339 4008 insurgente(o),
1356 3919 1396 3983 ut
1411 3934 1481 3984 una
1497 3913 1677 3986 vobiscum
1693 3913 1838 4009 proinde
1854 3934 1910 3988 re·

508 4034 614 4106 creati
634 4032 681 4105 ad
700 4034 948 4106 exaltationem
968 4032 1178 4108 serenissimi
1201 4035 1309 4130 patris
1331 4035 1439 4108 nostri
1454 4043 1490 4107 et
1504 4035 1551 4108 ad
1566 4037 1803 4110 Parmensium
1817 4037 1910 4134 ipso·

507 4180 585 4230 rum
608 4156 773 4228 malitiam
794 4156 1057 4250 refrenandam,
1079 4157 1139 4251 qui
1161 4158 1254 4232 viam
1273 4167 1405 4232 rectam
1424 4179 1508 4230 vere
1537 4157 1712 4234 fidelitatis
1737 4159 1853 4252 obliti,
1876 4159 1912 4232 in

508 4280 680 4352 sinistram
700 4289 834 4375 partem
854 4259 1121 4375 eorum'pravos
1143 4281 1278 4353 animos
1298 4291 1561 4372 converterunt,
1580 4285 1765 4378 assumptis
1780 4283 1912 4380 viribm

508 4403 634 4476 nostris
654 4412 690 4474 et
709 4403 856 4474 aliorum
880 4403 1015 4498 imperii
1037 4400 1192 4475 fidelium
1210 4403 1460 4496 jurisdictionis
1481 4415 1618 4495 nostre,
1645 4406 1682 4475 in
1705 4427 1810 4477 manu
1832 4393 1911 4476 lorti

507 4526 652 4599 viriliter
674 4526 861 4620 procedere
880 4525 1114 4598 intendamus.
1136 4526 1259 4598 Vestra
1281 4537 1401 4600 noscat
1422 4549 1567 4624 syncera
1590 4528 1729 4601 devotio
1759 4537 1795 4599 et
1816 4549 1910 4600 com·

541 4699 585 4782 (o)
600 4700 798 4780 Iblqneednm
808 4703 885 4763 sient
894 4703 926 4762 irr
942 4702 1131 4780 praecedente
1144 4701 1243 4764 demes
1258 4703 1406 4779 videntur,
1415 4704 1487 4764 dnm
1502 4719 1606 4765 sensus
1622 4721 1684 4765 non
1697 4704 1774 4765 adsit
1785 4705 1908 4782 integer.
