4318 5904
530 579 593 642 920
1079 574 1391 640 ΑΒΒΙΤΑΙΕΝΤΑ.

531 715 629 786 alium
641 712 687 785 de
699 721 795 784 muta
808 733 970 786 concessa
988 713 1204 786 exultatione
1220 713 1344 786 festiva
1360 711 1539 807 suscipite;
1554 709 1707 783 arrideat
1718 709 1941 785 Urbeveteris

531 837 653 909 civitas
666 833 734 934 (l),
751 836 1204 930 denturmanusadeelum,
1225 837 1365 911 laudem
1390 835 1497 910 corda
1521 835 1735 933 concipiant,
1762 857 1824 909 ora
1844 857 1941 910 reso-

532 972 635 1050 nent,
661 970 697 1032 et
716 960 845 1054 gratias
873 960 998 1054 dignas
1020 961 1127 1054 digno
1150 962 1263 1036 ludici
1286 962 1496 1050 referamus,
1514 960 1575 1054 qni
1587 961 1722 1054 justitie
1737 959 1939 1034 defensores

532 1086 685 1157 munitos
694 1085 828 1176 justitia
844 1095 879 1158 et
894 1108 958 1181 pro
969 1085 1103 1177 justitia
1118 1086 1274 1159 noslecit
1286 1107 1363 1160 esse
1380 1085 1541 1158 victores.

584 1625 815 1733 Friderieus,
835 1624 1094 1708 Romanorum
1120 1623 1340 1733 imperator,
1363 1623 1410 1705 B.
1430 1624 1478 1706 de
1495 1623 1637 1706 Palude
1664 1621 1761 1705 sacri
1787 1619 1934 1729 imperii

530 1784 554 1841 a
586 1757 700 1868 Papia
730 1756 903 1866 superius
935 1756 1075 1841 noerio
1105 1757 1264 1840 mandat
1292 1766 1336 1840 ut
1363 1757 1462 1840 cives
1492 1756 1707 1866 Pupienses,
1728 1754 1761 1836 si
1783 1779 1935 1836 neeesse

531 1890 664 1997 luerit,
689 1890 924 2000 constringat
950 1890 999 1973 ad
1021 1916 1179 1973 censum
1197 1915 1265 1999 per
1286 1916 1351 1974 eos
1377 1915 1448 2000 pro
1464 1889 1549 1973 loeo
1562 1887 1687 1972 Besati
1703 1885 1935 1970 monasterio

531 2023 658 2108 Sancti
678 2023 882 2107 salvatoris
900 2023 948 2105 de
965 2023 1081 2132 Papia
1099 2021 1268 2106 debitum
1287 2022 1572 2106 exsolvendum.

611 2237 735 2317 (lnedlt.
749 2255 788 2299 ex
802 2243 886 2316 euplo
901 2239 1070 2301 authentica
1084 2239 1122 2300 de
1139 2253 1218 2300 anuo
1234 2247 1323 2312 lut,
1341 2247 1372 2298 ll
1391 2240 1461 2298 mall
1478 2237 1557 2316 apud
1572 2237 1708 2315 Puplum,
1723 2252 1815 2314 qnam
1831 2235 1932 2296 nabla·

648 2363 716 2406 cum
729 2348 959 2406 eommunlcarlt
971 2346 1010 2406 cl.
1026 2348 1073 2406 alr
1085 2345 1276 2406 Boelrmerus.
1290 2343 1338 2406 Cl.
1353 2351 1562 2424 argumentum
1579 2343 1661 2422 quod
1678 2359 1769 2422 snpra
1780 2342 1931 2414 dedlmus,

648 2469 678 2530 p.
695 2453 775 2530 tat.)

576 2637 787 2731 Fridericus,
797 2637 859 2710 Dei
875 2637 991 2732 gracia
1007 2640 1240 2712 Romanorum
1256 2636 1459 2733 imperator,
1476 2658 1613 2734 semper
1627 2645 1816 2730 anfflsurs,
1832 2639 1931 2711 Jeru-

527 2763 636 2836 salem
661 2773 696 2836 et
718 2762 832 2835 Sicilie
853 2783 938 2853 rex,
963 2765 1003 2834 B.
1023 2759 1077 2859 (2)
1093 2762 1138 2834 de
1162 2761 1311 2852 Paluda,
1335 2761 1423 2833 sacri
1444 2761 1578 2856 imperii
1594 2759 1639 2833 da
1652 2761 1757 2857 Papia
1773 2763 1931 2858 superius

525 2886 679 2977 vicario,
703 2884 797 2958 fideli
813 2907 897 2976 suo,
919 2885 1066 2978 gratiam
1080 2907 1178 2958 suam
1193 2895 1228 2957 et
1243 2885 1371 2957 bonam
1386 2885 1615 2958 voluntatem.
1632 2883 1816 2970 Querelam
1827 2907 1932 2959 vene-

525 3010 644 3083 rabilis
664 3009 801 3080 abbatis
823 3018 859 3081 et
880 3018 1073 3081 conventus
1092 3007 1291 3080 monasterii
1313 3008 1430 3080 Sancti
1446 3007 1634 3081 salvatoris
1646 3006 1692 3081 da
1708 3008 1832 3104 Papia,
1848 3030 1931 3082 nos-

528 3143 659 3205 trorum
682 3131 855 3224 fidelium,
883 3133 1077 3228 recepimus
1097 3132 1332 3204 continentem
1356 3132 1453 3225 quod
1469 3153 1548 3204 cnm
1572 3152 1757 3205 commune
1782 3133 1929 3206 civitatis

526 3256 631 3350 Papia
660 3255 841 3329 occasione
866 3255 936 3327 ficti
959 3277 1024 3351 pro
1046 3256 1122 3327 loco
1149 3256 1276 3346 Besati,
1303 3255 1475 3327 territorio
1495 3265 1531 3326 et
1557 3254 1634 3326 aliis
1650 3255 1758 3328 rebus
1773 3256 1928 3347 ejusdem

527 3389 687 3451 teneatur
707 3379 757 3451 eis
778 3378 918 3451 nomine
943 3379 1026 3452 dicti
1055 3379 1252 3451 monasterii
1277 3378 1313 3450 in
1335 3387 1430 3450 certa
1446 3378 1592 3474 pecunie
1606 3379 1818 3474 quantitate,
1833 3401 1927 3452 oom-

525 3523 631 3574 mune
654 3501 767 3596 ipsum
789 3501 918 3574 nedum
946 3502 995 3574 eis
1022 3501 1205 3597 pecuniam
1230 3503 1340 3597 ipsam
1368 3514 1532 3597 procurat
1561 3504 1744 3594 exolvere,
1766 3502 1928 3576 seduliae

525 3646 631 3721 super
647 3644 779 3696 summa
797 3625 943 3719 pecunie
958 3647 1063 3718 quam
1081 3626 1176 3697 omni
1192 3646 1286 3698 anno
1301 3647 1365 3721 pro
1383 3647 1445 3698 sue
1461 3625 1805 3702 voluntatirarbitrio
1820 3627 1928 3700 abeis

524 3747 718 3821 exactionis
731 3748 910 3820 occasione
925 3749 1083 3842 requirit,
1095 3749 1188 3843 ipsos
1203 3750 1390 3843 plurimum
1405 3759 1572 3842 aggravat
1584 3759 1621 3822 et
1635 3750 1809 3842 molestat,
1828 3772 1926 3824 reon·

523 3893 605 3946 sans
620 3893 698 3945 eam
711 3893 937 3967 compensare
951 3873 989 3942 in
1004 3873 1197 3967 quantitate
1209 3872 1317 3945 debiti
1333 3873 1534 3969 supradicti.
1544 3875 1688 3969 Propter
1695 3871 1791 3968 quod
1804 3873 1927 3946 damus

524 3995 705 4091 potestati,
724 3997 887 4068 conscilio
901 4005 936 4068 et
947 3996 1061 4067 eidem
1071 3996 1413 4092 communiPapiensi
1425 3997 1683 4070 nostrislitteris
1694 3997 1925 4088 inmandatis,

522 4128 576 4212 ut,
593 4120 623 4192 si
639 4128 693 4192 est
707 4119 773 4210 ita,
795 4120 853 4193 vel
873 4119 1030 4192 debitum
1043 4119 1236 4215 predictum
1251 4120 1287 4190 in
1302 4142 1372 4214 quo
1383 4120 1547 4215 predictis
1560 4121 1677 4192 abbati
1691 4129 1726 4192 et
1740 4121 1927 4194 conventri

556 4395 596 4467 (1)
616 4393 737 4452 Forsitan
747 4393 875 4466 &made
886 4393 1004 4467 quadam
1017 4392 1129 4452 victoria
1139 4393 1175 4452 ab
1184 4393 1346 4468 imperatore
1360 4394 1396 4452 ds
1405 4394 1542 4453 Perusinis
1551 4395 1661 4454 velaliis
1670 4393 1818 4454 raballlhus
1830 4411 1926 4470 mpor-

521 4497 588 4558 tata,
606 4499 728 4564 tempore
740 4505 795 4563 quo
811 4505 828 4548 a
841 4505 924 4563 regno
936 4489 1040 4548 Sicilire
1052 4491 1087 4548 ad
1099 4497 1191 4564 partas
1203 4490 1315 4547 Tusciae
1326 4497 1354 4546 et
1365 4491 1540 4550 lombardiae
1559 4492 1612 4550 iter
1624 4490 1732 4550 laceret.
1753 4491 1850 4549 Annus
1861 4505 1926 4550 vero

523 4587 593 4643 l2t'1
606 4587 639 4644 ad
652 4586 679 4642 id
692 4587 793 4660 optime
807 4587 941 4644 convenit.

557 4683 592 4756 tt)
610 4681 716 4740 Scilicet
729 4683 918 4750 Bonosum,-
927 4683 1019 4743 littora
1031 4684 1140 4744 initialis
1153 4699 1223 4759 quae
1236 4697 1317 4757 supra
1330 4691 1457 4742 armatur
1467 4685 1497 4742 Ρ.
1514 4684 1669 4760 corrigenda
1680 4691 1732 4744 eat.
