4300 5916
512 551 573 614 sse
1036 551 1221 616 connum
1245 552 1397 629 curun
1728 551 1810 636 [nn.
1828 553 1915 618 mn.

511 685 637 758 ceteris
650 685 807 758 officiatis
820 686 948 760 nostris
959 687 1180 782 postmodum
1192 688 1241 759 ibi
1253 688 1483 761 existentibus
1498 697 1538 760 ut
1552 687 1694 762 cosdem
1707 689 1743 760 in
1757 689 1919 784 predictis

512 797 718 880 auctoritate
733 817 851 880 nostra
866 819 1093 882 manuteneas
1109 819 1145 882 et
1159 809 1339 882 defendas.

562 931 688 1002 Actum
711 942 746 1004 et
766 932 887 1005 datum
907 931 1003 1029 apud
1023 933 1241 1024 Rodinburc,
1266 954 1361 1008 anuo
1383 933 1520 1008 Domini
1542 935 1589 1007 bl.
1602 934 1783 1026 cutim,
1803 955 1918 1009 mense

513 1054 624 1145 mmo,
641 1055 704 1128 XV
720 1054 921 1129 indictione.

336 1625 468 1680 ΗΜ·
569 1617 783 1723 Conrndus,
798 1618 837 1699 in
855 1619 1114 1703 Romanorum
1131 1620 1427 1730 regemelectus,
1444 1647 1602 1705 suarum
1619 1622 1807 1732 primitius
1824 1647 1916 1730 pre-

516 1775 605 1832 cum
642 1751 808 1859 capitulo
843 1750 1164 1834 Hildelseimensis
1198 1751 1376 1835 ecclesiae
1413 1753 1522 1837 offert
1553 1779 1625 1864 pro
1659 1754 1739 1837 filio
1773 1752 1919 1836 comitis

516 1883 707 1968 Lnduwici
726 1884 775 1966 de
796 1884 993 1968 Eberstein
1018 1885 1057 1965 in
1083 1887 1311 1970 canonicum
1338 1886 1554 1996 recipiendo
1575 1897 1613 1970 et
1639 1888 1686 1970 de
1707 1885 1920 1996 praebenda

515 2018 762 2126 providendo.

597 2231 698 2304 (lidld.
711 2231 922 2305 Sunnsnuuno,
937 2232 1057 2313 chnrc
1064 2233 1232 2312 primorum
1239 2249 1371 2313 mmm,
1383 2251 1415 2313 p.
1427 2243 1479 2308 25,
1494 2241 1564 2296 note
1576 2253 1607 2297 c.
1622 2233 1801 2313 (Franciort,
1819 2233 1918 2312 1784),

636 2337 709 2398 Gud.
724 2339 853 2416 probat,
865 2355 896 2414 p.
912 2347 941 2410 o,
955 2356 1023 2399 curn
1038 2339 1084 2399 luc
1098 2343 1203 2400 simile.
1219 2340 1354 2419 Sigillum
1368 2349 1452 2420 tergo
1465 2356 1659 2421 pergamenae
1672 2343 1849 2421 impressum
1859 2357 1919 2402 mc·

637 2451 748 2514 morat,
763 2461 830 2504 cum
844 2447 901 2504 ista
913 2447 1103 2523 inscriptione
1118 2465 1126 2506 c
1145 2467 1161 2504 c
1176 2447 1343 2507 Venerabili
1362 2451 1525 2526 preposito,
1540 2449 1651 2510 decano
1665 2451 1779 2526 totique
1795 2448 1921 2525 capitulo

636 2549 916 2612 Hildensbetmensis
929 2551 1049 2612 ecclesio
1060 2552 1174 2612 dilectis
1189 2552 1326 2614 fluetibus
1339 2556 1411 2614 suis.
1425 2551 1461 2633 u)

565 2738 760 2828 Conrudus,
780 2739 852 2810 divi
874 2739 1091 2836 imperatoris
1108 2740 1270 2813 Friderici
1287 2739 1397 2832 filius,
1417 2741 1481 2836 liei
1496 2743 1607 2834 gratie
1628 2742 1862 2815 Romanorum
1887 2741 1921 2814 iu

517 2883 635 2954 regem
652 2862 783 2934 electus
799 2883 937 2957 semper
950 2875 1117 2955 augustus
1136 2876 1171 2937 et
1186 2865 1288 2938 heres
1303 2867 1402 2958 regni
1413 2867 1619 2957 Jerusalem,
1634 2867 1825 2940 venerabili
1841 2889 1920 2962 pre·

516 2985 643 3080 posito,
655 2987 789 3057 deceno
804 2987 935 3080 totique
951 2989 1102 3082 capitulo
1113 2977 1443 3062 llildensheir'uensis
1459 2991 1603 3062 ecclesie
1619 2990 1753 3064 dilectis
1763 2988 1921 3064 fidelibus

518 3109 589 3180 suis
602 3110 748 3200 gratiam
764 3132 861 3182 suam
879 3122 914 3183 et
930 3133 1032 3184 omne
1048 3112 1193 3185 bonum.
1211 3114 1246 3184 Si
1264 3114 1433 3209 primitias
1447 3137 1590 3209 precum
1603 3125 1799 3187 nostrerum
1814 3115 1920 3188 devo·

519 3233 603 3304 iloni
621 3243 736 3307 vestre
752 3235 926 3307 offerimus
946 3257 1011 3330 pro
1032 3235 1097 3308 biis
1120 3238 1181 3331 qni
1200 3238 1289 3330 grati
1310 3249 1392 3309 sunt
1410 3248 1530 3311 nostro
1550 3239 1691 3311 culmini
1711 3249 1747 3312 et
1770 3239 1918 3334 accepti,

519 3365 615 3428 tanto
633 3360 847 3431 reverentius
861 3360 939 3431 illas
954 3381 975 3430 a
991 3360 1091 3432 vobis
1112 3361 1286 3433 credimus
1304 3362 1550 3452 admittendas,
1574 3374 1705 3457 quanm
1720 3365 1756 3435 in
1775 3365 1826 3436 cis
1844 3383 1922 3436 cnm

517 3479 587 3552 sint
610 3482 744 3553 nobiles
767 3493 803 3554 et
822 3483 973 3574 honesti,
995 3484 1133 3556 videtur
1157 3497 1192 3558 et
1212 3486 1311 3556 vobis
1330 3495 1366 3558 et
1386 3486 1530 3558 ecclesie
1554 3487 1732 3559 salubrius
1747 3488 1922 3583 provisum

517 3604 605 3675 iore.
626 3604 714 3676 Hinc
739 3608 903 3700 estquod
926 3629 989 3701 pro
1009 3607 1080 3679 filio
1096 3607 1230 3679 comitis
1253 3608 1430 3681 ludewici
1456 3609 1500 3682 de
1519 3611 1720 3702 Eberstein,
1738 3612 1865 3685 elerico
1889 3623 1923 3684 et

517 3724 612 3797 fideli
627 3739 761 3818 nostro,
773 3751 877 3823 quem
894 3732 930 3801 in
944 3733 1098 3803 favorem
1110 3753 1172 3803 sue
1186 3733 1364 3828 progeniei
1377 3755 1447 3827 que
1465 3756 1603 3830 semper
1613 3737 1713 3807 nobis
1726 3745 1761 3808 et
1779 3736 1923 3834 imperio

516 3850 653 3923 adhesit
664 3850 825 3944 fideliter,
839 3855 1014 3947 diligimus
1025 3864 1065 3926 ut
1079 3855 1258 3946 devotum,
1275 3857 1444 3951 primitias
1459 3879 1600 3953 precum
1618 3868 1813 3932 nostrarum
1824 3859 1923 3932 vobis

517 3971 683 4044 duximus
701 3974 895 4048 offerendas
911 3975 940 4072 (l
951 3977 978 4071 ),
1000 3986 1160 4071 rogantes
1177 3989 1213 4049 et
1232 3989 1414 4051 monentes
1433 3990 1564 4052 attente
1583 3991 1755 4074 quatenus
1775 3981 1923 4054 eundem

516 4289 600 4331 unum
611 4275 688 4347 quasi
701 4274 826 4349 idemque
833 4277 1001 4350 privilegium
1013 4285 1126 4352 metuet
1138 4279 1318 4354 imperialibus
1325 4282 1359 4340 de
1369 4283 1537 4341 Wetteraria
1548 4284 1706 4342 ciuitatibus
1718 4284 1801 4342 luisse
1811 4299 1921 4342 concoe·

516 4387 587 4444 sum,
596 4373 673 4445 cujus
681 4375 775 4447 typum
787 4373 917 4432 babemus
927 4376 954 4432 in
963 4376 1163 4436 confirmatione
1172 4378 1438 4453 Friedbergensibns,
1447 4395 1516 4453 quos
1526 4397 1620 4439 revera
1630 4382 1793 4474 burgravius
1802 4380 1922 4455 regebat,

518 4467 628 4525 indulta.

551 4564 588 4637 (t)
606 4563 822 4638 Senkenbergius
834 4575 863 4626 et
876 4569 1038 4627 Boehmerus
1049 4578 1158 4629 monent
1170 4572 1221 4629 hoc
1234 4589 1295 4631 esse
1308 4575 1524 4648 antiquissimum
1533 4575 1604 4649 quod
1614 4592 1632 4634 a
1642 4575 1751 4650 regibus
1761 4575 1921 4634 Germaniae

516 4662 690 4736 processerit,
706 4662 925 4738 instrumentum,
940 4667 973 4724 de
986 4668 1109 4740 primitiis
1121 4685 1229 4744 precum
1245 4687 1293 4744 pro
1310 4671 1414 4730 clericis
1425 4672 1563 4746 eligendis
