4310 5908
509 625 571 690 tta
1007 622 1223 688 intumum
1247 621 1422 686 SECUNlll
1728 621 1811 704 [An.
1828 623 1919 686 lats.

508 770 634 835 stratas
647 771 684 834 et
700 759 825 834 itinera
846 760 987 854 publica
1001 782 1089 834 ausu
1105 759 1290 832 temerario
1304 759 1438 833 violare
1452 767 1682 854 presumunt,
1703 758 1917 847 criminales,

508 885 629 960 civiles
650 895 687 958 et
705 884 865 957 liberales
881 883 1002 957 audiat
1025 893 1062 956 et
1085 884 1294 957 determinet
1309 881 1529 977 questiones,
1549 903 1698 976 qmrum
1717 883 1869 976 cognitio
1890 883 1921 956 si

508 1031 573 1084 nos
586 1019 766 1105 presentes
779 1029 934 1081 essemus
949 1009 997 1081 ad
1011 1017 1169 1080 nostrum
1180 1007 1353 1101 judicium
1366 1007 1576 1102 pertineret,
1595 1007 1793 1102 puniendos
1806 1007 1923 1100 inpu-

507 1151 589 1206 tans
601 1139 637 1202 et
646 1129 795 1225 puniens
809 1127 1004 1221 inquisitos.
1020 1130 1169 1202 Decreta
1181 1127 1303 1222 utique
1316 1128 1515 1222 interponat
1523 1147 1593 1220 que
1604 1127 1641 1198 in
1653 1126 1922 1200 alienationibus

507 1275 625 1328 remm
642 1253 952 1326 ecclesiasticarum
971 1262 1007 1324 at
1028 1252 1204 1326 mirorum
1220 1274 1264 1326 ac
1280 1252 1511 1327 transactione
1535 1251 1779 1326 alimentorum
1794 1273 1921 1325 secun·

508 1379 593 1452 dum
607 1377 778 1472 justitiam
796 1377 970 1472 interponi
991 1378 1118 1470 solent,
1134 1387 1170 1450 et
1184 1387 1225 1450 nt
1240 1377 1434 1452 minoribus
1449 1386 1486 1450 et
1502 1376 1692 1467 majoribus
1704 1377 1833 1469 quibus
1847 1377 1922 1450 nni·

507 1501 658 1574 remmia
675 1502 757 1593 jura
774 1512 979 1574 succurrunt
999 1521 1105 1574 musa
1126 1501 1266 1595 cognita
1284 1500 1513 1574 restitutionis
1532 1500 1570 1572 in
1594 1502 1769 1594 integrum
1788 1499 1920 1574 heneti·

509 1627 602 1700 cium
609 1627 789 1720 largiatur,
798 1628 938 1721 plenam
949 1625 1015 1698 sihi
1023 1627 1248 1700 concedimus
1260 1635 1479 1721 potestatem.
1493 1625 1921 1720 Adaudientiamquoqne

509 1749 618 1845 ipsius
630 1750 880 1846 appellationes
897 1749 1026 1822 deferri
1039 1750 1202 1824 volumus
1223 1771 1313 1844 quas
1331 1772 1352 1822 a
1370 1750 1549 1823 sententiis
1562 1749 1816 1825 ordinationum
1831 1749 1923 1843 judi

509 1895 590 1948 cum
613 1895 655 1947 ac
675 1895 797 1947 eorum
812 1873 968 1947 omnium
988 1873 1048 1967 qui
1072 1873 1352 1967 jurisdictionem
1376 1874 1423 1947 ab
1443 1873 1589 1970 imperio
1610 1874 1704 1946 nacti
1729 1883 1811 1946 sunt
1832 1874 1923 1946 inira

511 2002 689 2094 regionem
701 2002 812 2096 ipsam
828 2001 955 2092 atejus
973 1999 1139 2074 terminos
1154 2001 1337 2093 contigerit
1352 2000 1543 2094 interponi,
1562 2001 1630 2072 nisi
1643 2001 1732 2074 forte
1744 2001 1801 2072 vel
1817 2019 1923 2072 cause

511 2127 660 2220 qualitas
674 2127 731 2199 vel
747 2145 913 2196 numerus
926 2123 1199 2219 appellationum
1213 2125 1282 2198 hoc
1299 2124 1456 2197 adimant
1474 2124 1685 2221 appellanti,
1701 2137 1742 2196 nt
1760 2132 1877 2196 tamen
1899 2143 1923 2196 a

512 2249 693 2323 sententiis
708 2248 779 2320 suis
794 2248 841 2322 ad
858 2247 1070 2321 audientiam
1088 2258 1243 2322 noscam
1259 2249 1367 2322 libera
1385 2249 1502 2322 valeat
1519 2248 1714 2344 provocari.
1730 2245 1924 2320 ordinandi

512 2393 652 2468 quoqne
664 2371 800 2464 judices
820 2381 856 2444 et
877 2371 1030 2444 neurius
1045 2373 1185 2466 plenam
1203 2371 1318 2444 eidem
1339 2373 1455 2465 legato
1473 2371 1683 2445 conferimus
1699 2379 1921 2466 potestatam.

512 2497 682 2584 Quocirca
702 2496 833 2569 dictum
859 2495 1023 2568 comitem
1044 2497 1199 2588 legatum
1215 2505 1251 2568 et
1270 2496 1446 2591 presidem
1467 2504 1627 2568 nostum
1651 2505 1688 2568 et
1709 2495 1863 2590 imperii,
1882 2505 1925 2567 ut

512 2622 679 2713 diximus,
694 2622 730 2692 in
746 2621 887 2714 regiam
906 2621 1040 2714 prelata
1055 2630 1208 2695 anostra
1221 2622 1404 2713 majestate
1419 2629 1588 2694 statutum
1601 2631 1766 2715 mnqtram
1778 2641 1924 2714 presen-

513 2747 560 2820 tie
586 2757 704 2820 nostre
736 2745 915 2840 speculum
938 2745 1072 2817 sincere
1096 2745 1292 2818 devotionis
1321 2744 1503 2819 affectibus
1533 2744 1776 2834 admittentes,
1808 2743 1924 2816 eidem

512 2892 617 2966 snper
631 2869 793 2943 omnibus
808 2877 844 2940 et
857 2867 1001 2959 singulis
1016 2889 1085 2961 que
1100 2868 1148 2941 ad
1160 2867 1383 2940 commissum
1395 2867 1461 2940 sibi
1477 2867 1660 2961 legationis
1675 2877 1712 2940 et
1726 2866 1925 2961 presidatns

511 2991 678 3082 officium,
692 2999 734 3062 ut
744 2990 903 3085 superius
911 3000 963 3063 est
976 2995 1197 3086 expressum,
1209 2991 1386 3086 pertinere
1400 3000 1609 3081 noscuntur,
1619 3001 1784 3088 tanquam
1795 2991 1922 3082 maies-

511 3117 575 3190 tati
591 3125 709 3190 nostrc
724 3135 872 3210 persone
890 3115 937 3188 ad
953 3114 1119 3189 honorem
1133 3124 1169 3188 et
1184 3114 1387 3190 fidelitatem
1400 3125 1556 3190 nostram
1569 3115 1766 3206 intendere,
1779 3115 1924 3189 obedire

512 3251 549 3314 et
566 3261 690 3338 parere
704 3239 889 3312 efficaciter
906 3238 1078 3330 debeatis,
1092 3250 1133 3312 nt
1146 3239 1370 3313 devotionern
1387 3238 1701 3336 vestramproinde
1717 3239 1871 3314 debono
1886 3239 1924 3312 in

512 3365 636 3438 melius
651 3363 766 3456 dignis
785 3363 928 3435 laudum
947 3363 1119 3457 preconiis
1137 3364 1359 3436 extollamus.

559 3490 686 3561 Datim
695 3486 899 3576 Benevemi,
913 3507 1007 3559 anno
1020 3486 1193 3560 dominice
1209 3486 1457 3561 incarnationis
1471 3486 1674 3577 lllthXLlX,
1685 3505 1806 3560 manse
1816 3484 1920 3578 junii,

512 3612 659 3710 septime
671 3610 870 3684 indictionis
883 3607 949 3706 (t).

1443 3871 1696 3886 ιι--ιῠ-Ι-

565 4065 793 4172 Fridericus,
812 4064 1074 4149 Romanorum
1091 4064 1312 4174 imperator,
1329 4063 1458 4148 comiti
1477 4063 1681 4148 Thomasio
1698 4062 1747 4145 de
1765 4059 1922 4144 Saban-

511 4198 577 4284 dia
592 4225 664 4308 pro
682 4198 801 4310 gratis
818 4196 901 4308 ejus
920 4195 1081 4282 servitiis
1100 4222 1199 4306 quae
1223 4195 1385 4280 contulit
1408 4206 1447 4280 et
1464 4196 1505 4278 in
1523 4192 1826 4290 anteaconierre
1842 4217 1922 4302 po-

549 4467 587 4539 (t)
606 4465 690 4522 Adest
700 4462 728 4520 in
743 4463 853 4522 archivo
868 4463 1023 4520 Tauduausi
1037 4463 1089 4520 sub
1104 4463 1200 4521 eodem
1215 4463 1359 4532 tasetmlo,
1372 4471 1404 4518 n⁰
1417 4463 1462 4533 23,
1476 4461 1593 4520 alterum
1604 4459 1727 4534 ejusdem
1741 4456 1924 4517 mneaasicnis

511 4561 730 4635 memptar,ipsi
741 4565 832 4618 arnan
845 4559 988 4618 mommo
1001 4561 1148 4631 directum,
1167 4559 1214 4616 ubi
1236 4559 1310 4618 dbm
1331 4559 1432 4617 macab
1450 4564 1572 4618 atatam
1591 4571 1656 4614 asna
1673 4555 1782 4626 deaut,
1801 4553 1924 4612 uitblicat

511 4658 790 4731 Wurstamtergarst
806 4657 875 4732 junii
886 4663 915 4715 et
927 4657 1049 4716 eibmrio
1064 4659 1149 4729 (litat.
1163 4656 1195 4712 dt
1207 4657 1322 4728 Secuta
1335 4663 1356 4714 t.
1371 4657 1411 4728 ll,
1426 4673 1454 4730 p.
1468 4657 1517 4726 52,
1531 4662 1588 4712 not.
1601 4655 1644 4726 t),
1663 4655 1681 4710 6
1696 4651 1771 4727 inlii3
1786 4649 1924 4711 amisim-

512 4759 573 4817 liter
587 4762 675 4814 umen
689 4755 717 4812 in
730 4753 781 4812 hoc
794 4755 889 4813 attium
903 4759 919 4812 6
935 4753 1081 4830 [Mandu]
1093 4753 1390 4830 pertranseundum
1404 4759 1462 4823 ast,
1479 4752 1553 4825 quod
1566 4755 1601 4810 tt
1614 4750 1682 4825 junii
1692 4754 1780 4808 sonat.
