4306 5914
216 643 318 712 huet.
334 640 380 722 7.]
666 639 865 706 ΗΙΒΤΟΜΑ
889 637 1190 704 btctottaltcs.
1570 633 1629 696 tot

218 779 357 851 ceribus
375 799 422 849 ex
436 775 637 870 hujusmodi
654 776 736 849 dolo
750 775 870 851 dolorl
888 777 916 850 Ο
932 788 1062 872 quanta
1078 775 1247 866 turbatio,
1263 773 1346 846 dum
1362 769 1570 846 veneficium
1585 769 1632 842 ab

218 901 286 974 illis
312 900 479 973 astruitur
498 922 519 972 a
540 899 666 994 quibus
689 899 897 974 beneficium
917 898 1120 976 debereturl
1148 901 1203 974 Ex
1220 898 1285 971 hiis
1303 896 1445 992 quidem
1467 894 1633 967 miramur

218 1048 289 1099 non
305 1025 480 1098 modicum
494 1046 560 1097 neo
578 1025 749 1100 immerito
764 1039 882 1101 noster
892 1027 1029 1101 animus
1045 1027 1183 1100 ducitur
1195 1025 1232 1096 in
1246 1022 1632 1120 stuporem,oumjuxta

217 1151 467 1226 conscientiam
482 1160 636 1225 nostram
659 1174 838 1246 nunquam
863 1161 996 1225 tantum
1021 1150 1295 1225 demeruerimus
1318 1146 1412 1244 apud
1435 1169 1515 1219 eum
1537 1144 1633 1241 quod

218 1275 253 1345 in
280 1287 350 1348 tam
374 1275 466 1372 turpi
483 1297 570 1348 nece
594 1287 711 1348 nostra
733 1277 928 1350 consentire
948 1277 1125 1369 debuerit,
1145 1259 1276 1348 nedum
1298 1274 1435 1366 abjecto
1457 1270 1634 1366 religionis

217 1400 354 1496 pudore
371 1401 406 1472 in
423 1423 501 1473 eam
520 1391 635 1473 taliter
649 1403 859 1500 conspirare.
878 1405 931 1475 Ha
947 1399 1055 1476 beust
1075 1399 1251 1496 quomodo
1265 1397 1454 1472 ascendere
1469 1397 1582 1494 potuit
1596 1395 1633 1470 in

218 1547 280 1598 cor
293 1528 369 1620 ejus
383 1526 546 1620 cogitatio
564 1538 632 1599 tam
649 1526 860 1624 nephanda?
871 1529 921 1600 lla
936 1521 1045 1600 Deusl
1058 1549 1164 1622 quem
1183 1525 1297 1598 eidem
1312 1523 1476 1618 injuriam
1490 1523 1634 1596 lecimus

216 1660 257 1723 ιιι
278 1650 325 1724 ad
346 1663 477 1724 tanum
500 1651 740 1726 crudelitatem
761 1677 863 1726 suum
878 1653 1033 1725 animum
1051 1651 1254 1724 inclinaret?
1270 1649 1375 1722 Nulla
1394 1657 1632 1722 verumtamen

219 1797 299 1847 eum
316 1775 362 1848 ad
375 1775 463 1850 illud
480 1798 584 1850 causa
601 1777 735 1849 facilius
746 1776 860 1874 potuit
870 1798 1091 1850 commovere
1103 1797 1210 1872 quam
1224 1775 1333 1872 turpis
1348 1795 1448 1847 amor
1460 1783 1496 1846 et
1511 1773 1634 1844 intem-

218 1881 351 1994 perans
364 1901 509 1975 ambitio
530 1901 673 1974 dominii
687 1901 890 1998 singularis,
911 1911 947 1978 et
963 1901 1045 1997 quia
1058 1922 1179 1998 parem
1192 1902 1281 1973 lerre
1299 1921 1370 1973 non
1384 1908 1499 1996 potest
1514 1909 1550 1971 et
1566 1898 1632 1972 im·

217 2025 356 2119 patiens
373 2035 427 2100 est
440 2025 622 2100 consortis.
641 2027 733 2112 Quid
748 2028 890 2124 postea?
906 2027 1008 2114 Quod
1024 2036 1120 2100 tanto
1136 2028 1271 2100 lervore
1285 2024 1475 2116 desiderat,
1490 2045 1633 2098 necesse

218 2159 273 2222 est
288 2157 328 2221 ut
343 2172 486 2246 quoquo
502 2151 645 2224 crimine
660 2151 769 2248 possit
783 2163 924 2248 querat,
943 2151 989 2225 ad
1002 2153 1098 2246 quod
1117 2173 1197 2224 cum
1215 2150 1317 2224 nobis
1334 2149 1532 2224 viventibus
1552 2169 1633 2245 per·

216 2275 339 2348 venire
356 2279 430 2348 sine
445 2278 624 2350 obstaculo
640 2299 710 2350 non
725 2277 892 2370 confidat,
911 2278 992 2351 ideo
1009 2288 1164 2350 mortuos
1179 2298 1244 2349 nos
1260 2277 1420 2370 diligeret
1434 2277 1512 2372 plus
1527 2295 1633 2370 quam

219 2399 330 2474 vivos.
358 2402 482 2476 Merito
511 2413 697 2499 propterea
720 2425 784 2477 vos
807 2402 1013 2500 requirimus
1040 2414 1075 2476 ot
1103 2413 1237 2476 ceteros
1262 2399 1476 2475 orthodoxos
1497 2409 1536 2472 ut
1561 2409 1632 2472 tarn

216 2526 350 2622 grande
376 2529 489 2600 scelus
512 2527 559 2601 ad
579 2538 733 2603 vestrum
752 2529 906 2602 animum
933 2529 1117 2622 revocetis,
1141 2526 1362 2600 attendentes
1386 2547 1567 2600 excessum
1598 2533 1634 2598 et

218 2652 420 2748 superbiam
451 2655 663 2750 prelatorum
693 2655 754 2750 qui
783 2654 914 2727 ditione
943 2653 1172 2751 spiritualium
1199 2674 1271 2725 non
1296 2651 1465 2743 contenti,
1491 2673 1555 2747 per
1580 2650 1634 2724 las

219 2785 256 2848 et
282 2775 417 2873 nephas
446 2777 513 2850 sibi
544 2779 750 2852 secularium
780 2789 932 2874 querunt
957 2778 1149 2852 dominium
1177 2777 1366 2851 vendicare
1392 2797 1434 2848 ac
1457 2775 1632 2872 principes

218 2898 307 2972 alios
326 2923 430 2993 quam
453 2901 596 2998 pusillos
611 2925 691 2975 cum
707 2903 897 2998 maj0rinus
914 2902 1129 2976 exheredare
1148 2911 1278 2974 temere
1302 2900 1505 2973 moliuntur.
1530 2899 1633 2986 Quod

218 3026 402 3100 manifeste
421 3038 535 3125 potest
548 3030 675 3103 noticia
691 3029 954 3128 comprehendi,
965 3030 1050 3103 dum
1069 3030 1126 3102 ille
1141 3029 1296 3102 omnium
1314 3027 1511 3102 mortalium
1528 3027 1633 3100 homo

217 3151 320 3238 (nam
344 3173 415 3246 quo
438 3153 551 3250 ipsum
574 3155 681 3248 digno
705 3155 775 3228 suis
796 3155 937 3230 nomine
958 3155 1090 3228 meritis
1116 3155 1306 3251 poterimus
1329 3149 1540 3251 appellare),
1572 3153 1634 3248 qui

220 3277 294 3350 lore
316 3275 462 3350 deberet
483 3277 607 3351 ceteris
631 3279 798 3352 virtutum
813 3282 993 3376 speculum
1010 3288 1046 3352 et
1061 3280 1255 3375 exemplar,
1274 3277 1433 3350 obmissis
1446 3277 1491 3351 de
1506 3276 1634 3372 quibus

219 3401 266 3474 ad
295 3424 439 3498 presens
466 3425 536 3476 non
564 3404 691 3498 agitur,
722 3404 899 3500 dispensat
925 3404 1044 3477 illicite
1071 3425 1177 3500 super
1204 3402 1331 3475 illicitis
1357 3411 1477 3476 contra
1503 3403 1631 3495 legem,

220 3523 442 3621 multipharie
463 3525 650 3622 multisque
673 3528 786 3602 modis
806 3529 1033 3625 depeculatnr
1055 3528 1219 3601 ecclesias
1235 3537 1270 3600 et
1285 3527 1452 3623 populum
1476 3525 1633 3600 christia·

219 3671 305 3720 num
321 3648 483 3723 distrahit
497 3662 532 3725 et
548 3652 695 3726 destruit
712 3676 781 3749 que
798 3662 878 3726 sunt
893 3653 1040 3727 Domino
1058 3663 1271 3742 consecrata,
1291 3651 1528 3725 subtrahendo
1544 3651 1635 3725 deoi-

221 3796 295 3848 mas
320 3785 356 3848 et
378 3799 545 3872 personas
568 3799 589 3851 a
613 3779 755 3854 servitio
777 3779 883 3854 Jhesu
908 3779 1048 3872 Christi,
1070 3773 1133 3878 [et]
1155 3777 1289 3851 deludit
1315 3776 1506 3849 subsidium
1530 3777 1634 3849 Terre

221 3902 345 3974 Sancte
358 3901 442 3975 dum
455 3903 490 3974 in
500 3904 833 3978 nostramoonvertit
843 3905 908 3978 heo
919 3904 1225 3995 omnialesionem,
1236 3913 1276 3974 ut
1285 3901 1409 3974 videtis
1420 3901 1467 3973 ad
1477 3902 1631 3995 oculum,

222 4026 371 4098 animam
389 4049 489 4102 suam
502 4051 636 4124 ponens
652 4030 747 4123 quod
762 4030 806 4102 de
824 4031 913 4103 libro
928 4031 998 4102 vite
1015 4050 1079 4101 nos
1093 4028 1208 4101 deleat
1223 4038 1259 4100 et
1274 4028 1347 4124 ipse
1365 4026 1507 4099 liberius
1522 4025 1633 4100 domi-

221 4160 336 4223 netur.
354 4151 514 4224 Resistite
537 4153 641 4246 igitur
663 4176 783 4228 eorum
806 4154 1052 4250 cupiditatibus
1075 4153 1268 4245 effrenatis,
1287 4150 1434 4224 resistite
1451 4174 1495 4224 ne
1514 4151 1551 4223 in
1572 4171 1634 4223 sua

224 4276 352 4349 malitia
374 4276 584 4370 glorientur3
602 4279 749 4352 assistite
773 4279 874 4352 nohis
894 4278 930 4351 in
953 4276 1194 4352 fortibrachio
1214 4287 1249 4350 et
1270 4276 1349 4349 lorti
1376 4274 1493 4349 animo
1512 4285 1635 4349 contra

224 4421 294 4494 eos,
311 4415 352 4473 ut
364 4401 519 4498 ipsomm
538 4405 680 4476 omnino
696 4403 918 4500 supercilium
935 4403 1168 4500 deprimentes
1178 4411 1431 4476 sacrosanctam
1445 4399 1635 4474 Ecclesiam

224 4537 369 4600 matrem
397 4538 550 4600 nostram
582 4528 796 4624 dignioribus
828 4529 1005 4602 fulciendo
1033 4527 1245 4620 rectoribus,
1268 4536 1372 4624 prout
1398 4525 1445 4599 ud
1477 4533 1636 4598 nostrum

223 4661 356 4748 spectat
380 4652 531 4726 officium
555 4663 591 4726 et
609 4654 789 4728 affectibus
820 4654 962 4728 sinceris
983 4653 1213 4745 intendimus,
1231 4654 1277 4728 ed
1291 4653 1459 4729 honorem
1477 4652 1635 4728 divinum

224 4776 258 4848 in
270 4777 396 4850 melius
414 4779 652 4852 relormcmus.
