4310 5908
511 629 573 696 tos
1009 630 1223 693 rnrnnntcr
1247 629 1422 694 sncuunt
1730 631 1812 716 [nn.
1829 633 1916 697 taso.

511 767 653 840 nuntios
666 786 851 861 prosperos
865 775 1004 838 nostrae
1017 765 1208 858 majestatis
1217 785 1397 838 successus
1409 775 1445 837 et
1456 765 1502 838 de
1510 764 1659 838 inimicis
1667 767 1796 839 nostris
1803 769 1921 840 trium·

512 891 622 986 pbum
650 890 787 963 noviter
817 889 984 962 divinitus
1010 900 1150 986 praeter
1178 911 1276 984 spem
1303 899 1520 984 reportatum
1549 889 1699 962 libenter
1726 891 1920 983 significare

513 1017 684 1088 volumus.
703 1016 822 1110 Nuper
842 1015 934 1086 enim
957 1035 1035 1085 cum
1057 1014 1205 1086 Uberius
1222 1013 1366 1085 illustris
1386 1013 1541 1086 marchio
1557 1013 1789 1106 Palavicinus,
1806 1013 1918 1089 tidelis

512 1151 644 1230 noster,
668 1161 773 1234 quern
799 1139 1018 1234 capitaneum
1042 1138 1229 1210 felicissimi
1257 1137 1433 1210 exercitus
1454 1138 1563 1210 nostri
1587 1159 1654 1210 nec
1676 1160 1747 1210 non
1773 1140 1920 1213 celebris

433 1313 438 1321 ·
512 1263 661 1337 civitatis
680 1272 819 1334 nostrae
836 1264 1024 1336 Cremonae
1046 1273 1082 1334 et
1099 1263 1243 1334 istarum
1262 1262 1412 1356 partium
1432 1262 1689 1353 constituimus,
1712 1285 1759 1334 ex
1774 1265 1918 1338 tauton-

511 1389 578 1460 bus
592 1386 805 1460 celsitudinis
818 1393 957 1460 nostrae
970 1407 1192 1459 numerosam
1209 1385 1364 1479 equitum
1379 1395 1414 1458 et
1433 1385 1589 1481 peditum
1605 1388 1744 1460 turbam
1758 1389 1919 1480 collegis·

512 1521 566 1584 set
579 1521 614 1583 et
629 1512 675 1583 ad
687 1533 789 1582 suunt
803 1511 971 1582 auxilium
985 1509 1155 1603 quosdam
1167 1509 1323 1582 fidelium
1336 1520 1535 1583 nostrorum
1546 1512 1664 1584 ltaliae
1678 1523 1916 1605 convocasset,

512 1633 644 1706 scilicet
668 1645 843 1706 catervam
859 1656 931 1705 non
947 1633 1121 1706 modicam
1143 1633 1409 1706 fortissimorum
1430 1634 1579 1706 militurn
1595 1636 1740 1731 Papiae,
1757 1637 1920 1710 robusto-

512 1779 589 1828 rnm
610 1757 909 1851 Pergamensium,
928 1757 1114 1829 audacium
1133 1757 1382 1848 Laudensium,
1408 1758 1632 1831 cordatorum
1652 1761 1919 1833 Teutonicorum

512 1892 547 1954 et
560 1881 767 1955 devotorum
782 1883 940 1971 Parmae,
965 1881 1025 1974 qui
1051 1891 1151 1953 extra
1166 1881 1234 1953 hoc
1248 1891 1401 1953 castrum
1417 1880 1453 1952 in
1476 1879 1547 1954 lide
1569 1883 1759 1975 majestatis
1781 1894 1919 1957 nostrae

512 2001 804 2102 permanserant(
826 2004 852 2102 ).
889 2056 1916 2082 ..........................

511 2129 816 2223 persequentesita
825 2127 921 2222 quod
930 2127 995 2200 nisi
1008 2128 1185 2201 intrinseci
1192 2129 1336 2201 Parmae
1347 2137 1473 2224 pontes
1484 2129 1670 2224 rupissent,
1684 2129 1784 2224 quasi
1796 2130 1919 2203 eodem

511 2262 667 2349 tempore
680 2253 747 2348 ipsi
760 2253 850 2324 intra
861 2252 1011 2325 civitatis
1025 2252 1183 2345 ejusdem
1198 2253 1334 2326 moenia
1350 2254 1600 2348 pervenissent.
1616 2254 1717 2328 Unde
1731 2255 1921 2350 triumpha·

512 2378 581 2449 lem
598 2378 706 2448 nostri
721 2377 861 2448 laudem
877 2377 1094 2449 celebrantes
1109 2376 1243 2450 bellicis
1260 2377 1353 2448 tubis
1368 2376 1460 2449 sicut
1480 2396 1555 2449 mos
1571 2386 1625 2449 est
1638 2355 1863 2469 sonantibus,
1884 2387 1921 2450 et

506 2502 610 2592 juxta
627 2513 745 2597 portas
758 2503 901 2575 Parmae
920 2502 1066 2573 tenwria
1084 2500 1293 2593 deligentes,
1312 2523 1383 2574 non
1402 2501 1558 2593 elongari
1575 2502 1620 2574 ab
1637 2501 1746 2596 ipsius
1760 2503 1919 2598 depopu-

510 2625 638 2698 latione
655 2625 729 2697 sine
743 2625 906 2699 mandato
923 2626 1170 2720 disposuerunt
1183 2647 1293 2718 usqne
1307 2624 1391 2697 dum
1407 2623 1546 2697 flamma
1561 2635 1596 2696 et
1612 2625 1704 2697 ferro
1715 2624 1807 2698 banc
1823 2627 1921 2722 peni·

510 2757 566 2820 tus
582 2749 803 2821 destruerent
816 2748 873 2820 vel
894 2748 1045 2842 pervim
1063 2749 1283 2821 adnostrum
1302 2748 1506 2821 mandatum
1525 2749 1757 2841 reducerent,
1782 2749 1918 2822 babita-

509 2873 641 2946 toribus
669 2873 744 2965 ejus
777 2871 959 2966 captivatis
984 2893 1046 2943 seu
1085 2872 1188 2943 morti
1217 2871 1362 2943 traditis.
1393 2871 1490 2956 Quae
1526 2871 1668 2964 quidem
1699 2873 1920 2965 contigerunt

509 2996 566 3068 die
579 2996 686 3067 XVlll
701 2995 838 3088 augusti
855 2996 1014 3090 proxime
1030 2996 1224 3091 praeteriti,
1242 3006 1365 3067 octava
1380 2995 1568 3067 indictione
1586 2994 1651 3092 (l).
1666 2997 1739 3068 Sub
1752 2997 1919 3070 vicesimo

509 3130 625 3192 autern
650 3119 707 3192 die
730 3118 887 3211 ejusdem
906 3119 1036 3191 mensis
1057 3141 1172 3192 comes
1196 3115 1368 3190 Galterius
1390 3117 1434 3191 de
1456 3119 1655 3214 blanupello
1676 3115 1723 3217 (b)
1746 3117 1858 3192 fidelis
1884 3131 1919 3193 et

509 3244 685 3316 familiaris
705 3255 837 3335 noster,
862 3243 1031 3314 exercitus
1048 3243 1157 3314 nostri
1178 3242 1381 3336 capitaneus
1404 3241 1441 3312 in
1459 3242 1625 3334 diarchia,
1651 3252 1804 3314 castrum
1824 3243 1918 3316 obsi·

549 3440 592 3522 (a)
616 3443 660 3503 Ibi
674 3441 820 3520 quaedam
833 3443 864 3500 in
879 3446 964 3502 textu
979 3457 1083 3519 graeco
1097 3441 1217 3501 desunt.

550 3547 590 3628 (b)
613 3547 721 3608 Graece
735 3548 749 3604 ὁ
761 3544 853 3614 πιόντος
875 3543 1017 3628 subripio<
1036 3545 1063 3604 δε
1079 3543 1254 3622 Montensis&
1274 3545 1355 3625 quoti
1376 3543 1601 3626 intelligendum
1620 3551 1666 3608 etl
1682 3543 1717 3607 dc
1737 3543 1918 3627 Menapila,

508 3670 570 3716 non
586 3669 656 3716 uero
673 3651 708 3712 de
722 3650 887 3732 Mesopota.

541 3971 579 4044 (t)
597 3991 616 4039 ,α
629 3970 678 4028 Die
687 3970 758 4044 jovis
768 3969 844 4026 x1111
854 3969 915 4042 (leg.
930 3967 988 4040 XV]
998 3965 1128 4025 kalendas
1142 3967 1311 4043 septembris,
1323 3967 1440 4026 (ibertus
1451 3965 1628 4025 Pellavicinns
1638 3971 1760 4042 potestas
1769 3965 1917 4025 &annonae

506 4066 675 4141 mugregatis
691 4065 915 4123 Cremonensibus
933 4064 1075 4136 militibus,
1090 4064 1225 4136 Pergami,
1246 4065 1354 4122 laudm
1367 4071 1394 4122 et
1412 4063 1472 4123 OOC
1486 4065 1616 4122 militibus
1634 4065 1731 4140 Papiae
1749 4071 1833 4140 atque
1846 4065 1917 4122 mili·

505 4165 579 4224 tibus
598 4163 755 4222 extrinsecis
766 4163 894 4234 Parmae,
910 4168 1043 4220 transacto
1064 4161 1175 4219 llumine
1192 4161 1277 4233 Tarii,
1292 4169 1438 4234 coeperunt
1457 4163 1598 4221 derasam
1617 4177 1704 4236 usque
1723 4163 1758 4220 ad
1779 4163 1918 4221 civitatem

504 4263 625 4322 Parmae.
638 4263 796 4318 Parmenses
807 4276 872 4317 vero
882 4259 973 4317 lurore
986 4273 1084 4332 magno
1093 4259 1199 4317 accensi
1211 4266 1322 4332 propter
1334 4260 1474 4318 victoriam
1485 4275 1568 4333 quarn
1580 4259 1733 4318 babuersnt
1743 4261 1771 4317 in
1784 4261 1918 4332 Victoria,

504 4361 621 4420 inimicis
640 4375 669 4417 se
683 4358 790 4416 obviarn
803 4357 985 4432 praebuerunt
987 4396 1068 4415 .......
1090 4357 1139 4414 sed
1160 4363 1235 4430 terga
1255 4362 1392 4414 vertentes
1412 4357 1504 4431 lugam
1524 4357 1716 4432 petierunt-m
1735 4361 1919 4430 ceperuntque

504 4473 538 4518 ex
550 4456 684 4532 peditibus
695 4457 810 4512 Parmae
824 4457 893 4524 blM,
908 4471 941 4512 ex
955 4454 1084 4511 militibus
1097 4469 1163 4511 vero
1175 4455 1209 4525 L,
1225 4459 1253 4510 et
1266 4455 1403 4512 carocium
1422 4455 1533 4512 Parmae
1549 4470 1612 4510 cum
1630 4453 1742 4527 captivis
1760 4453 1788 4509 in
1801 4452 1917 4510 &eme

504 4571 569 4612 nam
581 4553 730 4623 duxerunt,
746 4557 774 4610 et
786 4551 825 4609 sio
838 4551 908 4609 lacta
921 4557 964 4609 est
976 4551 1093 4610 vindicta
1108 4551 1142 4607 de
1158 4551 1199 4607 eis
1216 4549 1250 4609 de
1269 4549 1337 4608 lacto
1352 4551 1495 4608 Victoriae.
1509 4551 1542 4607 Et
1549 4551 1640 4608 statim
1651 4549 1814 4608 Octavianus
1826 4549 1917 4608 cardi·

504 4651 574 4710 nelis
591 4667 654 4708 cum
674 4649 803 4706 militibus
819 4649 951 4706 &nonme
964 4649 1120 4706 etllutinae
1122 4684 1178 4705 .....
1190 4649 1213 4730 si
1240 4663 1294 4705 non
1306 4647 1414 4722 ivisset,
1430 4647 1527 4708 Parma
1541 4654 1601 4706 erat
1613 4647 1642 4706 in
1654 4647 1732 4707 lortia
1746 4645 1915 4706 inimicorum

503 4750 623 4808 redae&
637 4765 651 4802 t
667 4747 794 4808 etwas.
807 4745 840 4805 de
853 4746 910 4804 reb.
926 4748 957 4803 itt
970 4746 1035 4804 itai.
1047 4752 1127 4819 pest„
1142 4763 1170 4820 p.
1185 4746 1250 4816 22⁸1,
1266 4748 1329 4804 itt.
