4306 5914
503 560 563 622 670
999 563 1211 627 1111111111Ιῦ1
1237 563 1410 626 sncdttnt
1718 563 1801 646 [Ars.
1819 563 1908 626 1248.

501 697 558 768 Ad
578 696 683 790 hujus
703 710 820 771 autem
841 710 959 774 nostre
980 703 1211 775 concessionis
1234 711 1269 774 et
1288 699 1501 773 inhibitionis
1525 699 1728 773 memoriam
1749 710 1786 772 et
1805 700 1912 772 robur

501 831 671 917 perpetuo
684 824 881 919 valiturum,
899 847 1042 922 presens
1055 826 1273 922 privilegium
1285 847 1348 921 per
1358 825 1549 899 Iohannem
1559 825 1603 897 de
1610 826 1727 921 Capua
1738 826 1911 898 notarium

504 954 540 1016 et
552 944 690 1020 fidelem
706 958 863 1021 nostrum
879 950 982 1023 scribi
1001 961 1036 1022 et
1053 951 1166 1045 sigillo
1183 951 1372 1045 majestatis
1386 960 1502 1023 nostre
1512 950 1678 1043 jussimus
1690 949 1909 1022 communiri.

552 1072 662 1166 Hujus
686 1074 736 1145 rei
756 1082 860 1146 testes
878 1085 959 1148 sunt
977 1077 1022 1148 Μ.
1043 1075 1196 1148 marchio
1214 1078 1348 1148 lancea
1370 1074 1458 1146 sacri
1478 1074 1654 1170 imperiis
1675 1075 1779 1170 Papia
1801 1095 1912 1168 usque

503 1195 623 1269 Astam
649 1199 868 1295 capitaneae,
887 1201 926 1272 B.
951 1201 995 1273 dc
1020 1201 1209 1292 Hoenburg
1233 1198 1388 1272 marchio
1410 1199 1556 1272 dilectus
1575 1200 1854 1292 consanguineus
1877 1208 1913 1270 et

503 1320 698 1414 familiaris,
716 1323 758 1396 G.
776 1324 821 1396 de
843 1324 932 1397 Ocra
955 1324 1163 1397 venerabilis
1187 1325 1369 1420 capuanus
1393 1323 1543 1412 electus,
1561 1324 1602 1396 ll.
1626 1325 1670 1396 de
1694 1323 1913 1414 Montenigro

503 1467 630 1538 magne
643 1447 737 1519 cun'e
752 1460 869 1521 nostre
886 1450 1049 1542 magister
1058 1449 1279 1542 justitiarius,
1296 1450 1335 1522 P.
1354 1448 1398 1520 de
1412 1447 1568 1521 Calabria
1582 1449 1781 1520 marescallo
1793 1456 1912 1520 nostre

505 1572 669 1662 magister
681 1569 750 1668 (a),
773 1573 938 1668 magister
955 1575 1077 1646 Petrus
1094 1574 1138 1645 de
1159 1574 1267 1646 Vinea
1285 1573 1472 1668 imperialis
1494 1573 1574 1645 aule
1597 1573 1852 1669 protonotarius
1877 1581 1913 1644 et

505 1697 603 1790 regni
619 1697 731 1770 Sicilie
747 1697 941 1792 logotheta,
960 1697 1075 1770 dilecti
1095 1696 1215 1770 fideles
1232 1695 1411 1794 nostri(b),
1430 1707 1466 1768 et
1487 1696 1545 1769 alii
1565 1699 1800 1792 quamplures.

555 1821 697 1914 Signum
721 1822 853 1895 domini
871 1822 1033 1896 Fridorici
1054 1823 1117 1894 Dei
1142 1822 1254 1916 gratia
1272 1822 1486 1897 invictissimi
1507 1823 1741 1896 Romanorum
1760 1822 1909 1918 impera·

507 1946 591 2020 toris
604 1969 742 2044 semper
753 1947 906 2040 augusti,
920 1948 1111 2020 lamsalem
1127 1958 1164 2020 et
1175 1947 1289 2020 Sicilie
1302 1947 1407 2040 regis.

554 2071 641 2145 Acta
654 2082 736 2145 sunt
747 2072 813 2144 hec
825 2092 919 2145 anno
935 2071 1107 2145 dominice
1120 2073 1367 2146 incarnationis
1382 2071 1566 2144 millesimo
1581 2071 1818 2146 ducentesimo
1830 2091 1914 2165 qua·

507 2195 703 2290 dragesimo
733 2206 875 2287 octavo,
906 2217 1024 2268 mense
1051 2195 1263 2289 decembris,
1299 2197 1444 2293 septime
1478 2195 1693 2288 indictionis,
1720 2195 1912 2292 imperante

507 2321 649 2395 domino
664 2331 783 2394 nostro
798 2319 981 2392 Frederioo
1002 2319 1065 2391 Dei
1086 2321 1197 2412 gratia
1213 2319 1439 2394 invictissimo
1456 2320 1690 2393 Romanorum
1706 2319 1913 2415 imperatore
1951 2413 1954 2418 Ι

506 2467 645 2541 semper
669 2445 1038 2538 augustodunensis
1063 2455 1099 2518 et
1122 2445 1237 2519 Sicilie
1261 2467 1361 2538 rege,
1376 2466 1470 2518 anno
1492 2443 1628 2541 imperii
1650 2445 1726 2537 ejus
1749 2443 1913 2518 vicesimo

505 2581 644 2662 ocmro,
657 2571 756 2664 regni
767 2571 959 2644 Jerusalem
969 2569 1135 2644 vicesimo
1148 2571 1263 2663 tertio,
1276 2571 1375 2664 regui
1386 2591 1470 2645 vero
1483 2569 1597 2642 Sicilie
1610 2569 1909 2664 quinquagesimo.

504 2695 631 2768 Amen.
1726 2719 1731 2728 ·

554 2817 680 2889 Datum
699 2813 865 2887 Vercellis
889 2834 952 2910 per
973 2835 1112 2886 manum
1134 2813 1287 2910 magistri
1310 2813 1403 2888 Petri
1424 2813 1469 2887 de
1489 2813 1598 2886 Vinea
1622 2813 1701 2885 aule
1727 2811 1913 2909 imperialis

505 2939 756 3040 prothonotarii
771 2951 808 3014 et
828 2940 927 3034 regni
946 2939 1060 3014 Sicilie
1076 2939 1265 3036 logotheta,
1280 2961 1388 3034 anno,
1406 2960 1524 3016 mense
1539 2949 1576 3013 et
1588 2939 1775 3014 indictione
1790 2959 1912 3035 supra·

506 3063 668 3164 scriptis(
684 3062 710 3163 ).

562 3465 791 3574 blidericus,
812 3466 1073 3550 Romanorum
1097 3467 1316 3578 imperator,
1340 3469 1534 3553 communi
1552 3469 1792 3555 Lucanomm
1814 3469 1913 3554 fide-

508 3598 610 3682 libus
629 3597 708 3682 suis
725 3599 957 3708 provinciam
977 3599 1260 3712 Gerlagnenam
1277 3627 1395 3712 quam
1421 3603 1582 3687 Henrioo
1610 3602 1690 3688 lilio
1719 3629 1791 3688 suo
1815 3630 1912 3687 oon-

509 3731 661 3838 tulerat,
681 3733 720 3813 in
740 3745 885 3815 rectum
904 3732 1062 3815 feudum
1079 3761 1149 3844 pro
1166 3733 1254 3818 fidei
1272 3737 1618 3846 recompensatione
1635 3736 1807 3820 coneedit
1823 3764 1913 3822 cum

508 3865 688 3949 omnibus
715 3865 925 3949 rationibus
949 3876 987 3950 et
1015 3869 1249 3975 pertinentiis
1275 3895 1298 3952 a
1325 3894 1365 3952 se
1389 3881 1427 3952 et
1454 3871 1735 3956 suecessoribus
1763 3873 1843 3956 suis
1872 3873 1912 3954 in

508 4007 731 4109 perpetuum
750 4000 966 4082 tenendam.

590 4188 715 4270 (Inedlt.
739 4205 776 4250 cx
794 4185 916 4250 nutet
933 4185 966 4249 di
980 4194 1056 4250 stote
1074 4188 1106 4250 dr·
1126 4191 1233 4264 hocca,
1254 4193 1324 4254 coll.
1338 4191 1429 4254 duob.
1449 4194 1540 4270 coptls
1558 4209 1618 4254 nna
1635 4192 1729 4254 ebert.
1745 4193 1798 4256 llb.
1819 4191 1910 4268 LXV,

628 4307 661 4358 n·
676 4304 746 4369 tto,
762 4311 837 4357 erm.
851 4295 939 4376 Vlll,
954 4296 1040 4357 alter.
1055 4313 1187 4378 pergam.
1203 4315 1278 4362 arm.
1294 4299 1347 4374 vt,
1363 4310 1396 4360 n⁰
1410 4298 1474 4378 to.)

548 4455 587 4536 (a)
607 4455 643 4516 ln
657 4457 800 4532 impresso
811 4455 860 4516 blc
871 4455 991 4517 additur
1004 4457 1141 4538 rncpbtrr
1163 4455 1245 4520 Vetto
1249 4477 1267 4536 ,·
1285 4461 1357 4536 quld
1370 4460 1439 4520 tnde
1457 4460 1668 4538 rusplemdom
1679 4463 1738 4540 elt,
1752 4462 1908 4522 nescimus

552 4560 592 4642 (b)
614 4561 652 4622 ln
661 4564 803 4639 impresso
816 4559 1032 4624 lootmtenenttt
1045 4562 1245 4644 dttoettstdaeto
1256 4567 1360 4640 nostri,
1374 4565 1460 4626 male.

544 4665 589 4748 ⁶(c)
610 4665 645 4727 ln
658 4669 798 4746 impresso
812 4664 1036 4749 brentmrrttr,
1050 4689 1139 4746 anno,
1153 4689 1262 4748 meme,
1276 4669 1322 4734 dle
1333 4680 1362 4734 et
1376 4671 1531 4736 indictione
1544 4678 1579 4734 rtt
1591 4689 1687 4754 *ειμι
