4306 5914
212 629 312 691 rme.
329 631 375 708 a]
659 625 855 690 arsronm
880 625 1177 691 orruouarrcn.
1561 627 1622 690 aas

213 761 294 844 lum
313 761 352 842 in
371 760 665 844 destructionem
683 760 856 845 omniurn
875 761 1113 871 principum,
1136 759 1203 843 sed
1220 761 1336 844 ctiam
1355 759 1394 841 in
1416 785 1507 843 suae
1524 761 1624 844 vitae

213 893 458 1003 naufragium
493 895 730 1003 conspirent,
771 893 938 980 felicitati
971 893 1211 977 orientalium
1248 902 1476 1003 potestatum
1514 894 1622 977 invi-

212 1027 307 1110 dens
331 1021 430 1138 quae
447 1027 541 1111 tales
560 1027 842 1112 adinventiones
861 1052 937 1111 non
956 1037 1146 1112 verentur.

293 1277 418 1358 (narra
433 1295 468 1339 ex
483 1278 550 1340 eor.
566 1277 643 1340 arur.
658 1242 757 1340 cesi.
772 1279 941 1344 vurouon.
957 1275 1126 1360 ruboque
1138 1277 1230 1357 urea,
1244 1289 1277 1340 no
1293 1286 1366 1356 aas,
1378 1277 1431 1338 or.
1450 1286 1506 1339 na
1522 1295 1620 1358 vaso,

334 1394 390 1447 aas
404 1392 495 1460 racto,
510 1388 670 1448 tnoorreats
678 1392 778 1447 buren
791 1391 825 1447 ut
838 1387 913 1448 solet
925 1393 1057 1449 exarato.
1073 1385 1197 1448 Mendes
1209 1385 1403 1447 evtdenttorss
1413 1385 1621 1465 eorrexlmus.)

259 1626 452 1699 Fridericus
467 1625 635 1716 Battacio,
652 1635 719 1698 etc.
734 1627 769 1698 Si
786 1634 953 1720 quantum
969 1626 1059 1699 votis
1074 1626 1201 1699 nostris
1216 1623 1427 1720 applauditis
1440 1625 1476 1696 in
1488 1633 1622 1698 vestro·

212 1773 288 1822 rum
307 1750 490 1845 magnilica
504 1751 720 1823 nuntiatione
738 1773 960 1824 successuum
975 1751 1144 1823 industria
1158 1761 1274 1823 vestra
1288 1751 1448 1841 sentiret,
1467 1751 1623 1846 prolecto

212 1877 369 1970 palparet
382 1886 578 1948 nostrarum
597 1875 733 1947 aurium
751 1875 868 1971 sepius
885 1875 1072 1948 insinuatio
1085 1886 1201 1948 vestra
1205 1927 1619 1948 ...........

211 2000 257 2072 ad
277 2011 453 2072 extremas
468 2021 578 2095 usque
594 2000 731 2072 virtutis
747 2011 781 2072 et
796 2001 951 2095 potentie
966 2010 1076 2072 metas
1093 1999 1262 2072 currentis
1278 2001 1414 2072 fortune
1432 1999 1624 2072 calcaribus

212 2124 377 2197 intasetis
394 2121 471 2222 (sic)
489 2125 605 2198 adbuc
622 2125 726 2197 etiarn
741 2125 927 2217 grandiora
949 2125 1166 2218 magnalibus
1187 2124 1419 2217 inculcantes,
1437 2135 1478 2196 ut
1494 2124 1541 2198 ad
1558 2145 1623 2196 nos

210 2249 384 2322 felicitatis
402 2259 518 2322 vestre
542 2250 723 2322 fecundius
742 2260 778 2323 et
799 2260 914 2323 vestro
933 2249 1158 2342 Jocunditatis
1177 2248 1321 2322 hilarius
1347 2249 1474 2346 pagina
1496 2248 1623 2322 noticia

207 2373 420 2468 perveniret.
445 2375 555 2466 Hujus
576 2374 829 2470 expectationis
845 2384 881 2448 et
896 2375 1058 2448 desiderii
1074 2374 1184 2449 nostri
1205 2395 1345 2448 causam
1361 2396 1432 2448 uon
1453 2375 1526 2447 sola
1542 2395 1622 2469 pre·

208 2498 373 2572 cordialis
385 2498 523 2572 allectio
536 2521 642 2594 quarn
656 2500 702 2572 ad
717 2521 901 2595 personam
918 2511 1069 2572 vestram
1088 2499 1257 2572 babemus
1273 2499 1421 2589 inducit,
1436 2497 1499 2572 sed
1514 2519 1623 2592 gene·

208 2624 292 2697 ralis
309 2633 346 2696 et
361 2646 470 2719 purus
485 2621 738 2716 magnificentie
754 2634 872 2698 nostre
885 2625 979 2696 zelus
994 2646 1064 2719 quo
1078 2623 1286 2696 secularium
1302 2623 1458 2697 omniurn
1470 2632 1623 2719 potesta·

209 2761 303 2840 urm,
321 2749 555 2842 quorumlibet
570 2770 691 2842 regum
711 2759 747 2821 et
764 2748 979 2844 principum,
998 2748 1211 2821 incrementa
1232 2747 1407 2840 diligimus
1425 2757 1462 2820 et
1478 2748 1625 2820 libenter

207 2875 388 2964 audimus,
405 2873 495 2945 adeo
519 2872 616 2967 quod
633 2895 704 2947 uon
726 2875 838 2945 solum
859 2873 906 2946 ad
929 2894 989 2946 eos
1014 2894 1102 2968 quos
1125 2872 1226 2946 nobis
1250 2873 1392 2968 antiqua
1415 2871 1543 2945 noticia
1566 2872 1623 2944 vel

208 2999 351 3072 dileetio
367 2997 525 3094 specialis
542 2997 668 3086 innuit,
683 2997 745 3072 sed
761 2999 808 3071 ad
826 2997 998 3092 quoslibet
1011 2998 1146 3069 nobiles
1160 3018 1328 3092 generosa
1345 2997 1499 3092 preditos
1514 2996 1626 3091 digni·
1717 3062 1725 3077 ,

209 3135 296 3213 tate,
317 3124 417 3196 nobis
433 3123 537 3194 etiam
552 3145 693 3218 prorsus
711 3122 860 3216 ignotos,
874 3133 994 3195 votum
1010 3122 1208 3215 hujusmodi
1225 3143 1457 3218 propagemus
1467 3130 1503 3193 et
1515 3142 1624 3213 gene·

209 3249 331 3321 raliter
369 3247 569 3319 affectemus
604 3247 746 3320 eosdem
782 3247 1041 3342 progenitorum
1071 3269 1213 3319 suorum
1244 3245 1395 3339 antiquis
1433 3244 1623 3318 honoribus

209 3372 343 3469 perfrui
357 3382 393 3444 et
407 3371 532 3445 votivis
549 3371 835 3466 prosperitatibus
854 3372 1013 3444 exaltari.
1041 3373 1114 3444 Nec
1136 3371 1218 3443 tacit
1235 3370 1302 3443 boc
1323 3379 1456 3442 tanturn
1478 3369 1624 3443 cesaree

209 3500 349 3570 fortune
364 3495 551 3588 fastigium,
570 3497 664 3589 quod
678 3496 774 3569 velut
788 3518 948 3592 supreme
963 3495 1133 3568 felicitatis
1152 3505 1188 3568 et
1202 3495 1341 3592 proprie
1359 3494 1460 3567 sortis
1476 3504 1623 3567 conten·

210 3635 285 3696 tum
303 3622 372 3694 vite
388 3643 458 3694 uon
472 3621 606 3694 invidet
618 3621 745 3711 aliene,
759 3621 821 3693 sed
835 3621 986 3714 quedam
1000 3621 1135 3692 occulta
1149 3619 1337 3692 necessitas
1347 3639 1453 3713 quarn
1466 3619 1624 3692 attende·

209 3757 291 3820 rent
306 3745 536 3818 necessariam
556 3745 631 3838 alii,
655 3746 743 3818 sicut
767 3768 832 3818 uos
854 3745 919 3842 ipsi
943 3745 1169 3841 prospicimus
1192 3753 1227 3816 et
1249 3744 1429 3816 sentimus.
1448 3744 1623 3817 Habemus

209 3872 305 3943 enirn
335 3892 456 3942 omnes
487 3892 586 3964 reges
609 3870 702 3942 orbis
725 3880 761 3942 et
789 3869 983 3966 principes,
1014 3869 1195 3965 prasertim
1224 3867 1419 3941 orthodoxe
1449 3868 1623 3962 religionis

209 4007 245 4069 et
261 3995 344 4067 fidei
357 3996 537 4086 zelatores,
549 3995 666 4068 odium
682 3995 859 4090 publicurn
874 4003 909 4066 et
920 4015 1103 4066 commune
1115 4016 1195 4065 cum
1208 3993 1349 4088 prelatis
1360 4002 1397 4064 et
1408 4015 1487 4064 curn
1501 3993 1622 4065 Eccle-

208 4120 259 4192 sie
278 4130 395 4192 nostre
409 4120 614 4216 primatibus
627 4121 776 4216 speciale
793 4120 987 4209 dissidium,
1007 4117 1069 4192 sed
1083 4119 1270 4191 occultum.
1290 4117 1342 4190 llli
1355 4117 1496 4212 quidem
1516 4118 1622 4211 pesti·

208 4245 284 4316 tere
301 4245 470 4318 libertatis
485 4246 631 4317 abusum
650 4246 820 4334 ambiunt,
841 4245 897 4317 isti
918 4265 981 4339 per
999 4243 1146 4315 latentes
1166 4242 1308 4315 insidias
1325 4241 1425 4314 bonis
1445 4242 1623 4316 nostriset

209 4369 321 4441 titulis
341 4367 563 4441 detrahentes
578 4391 598 4441 a
616 4370 692 4441 vice
712 4368 911 4442 devocionis
931 4378 1048 4440 nostre
1068 4365 1245 4440 beneficiis
1265 4367 1469 4458 abutuntur,
1486 4376 1522 4438 et
1537 4366 1622 4439 dum

209 4494 386 4566 innostra
408 4494 589 4589 dispendia
613 4515 734 4589 perse
760 4495 847 4566 sorte
872 4493 1105 4588 quorumlibet
1127 4502 1336 4565 nocumenta
1361 4513 1430 4566 uon
1455 4503 1619 4587 prosunt,

209 4639 307 4690 arma
322 4619 519 4691 communia
534 4619 675 4714 capiunt
691 4627 726 4690 et
743 4621 878 4690 occulte
897 4619 1080 4711 conjurant
1095 4627 1133 4688 ut
1146 4617 1181 4687 iu
1196 4615 1304 4712 ipsius
1317 4616 1388 4689 vite
1402 4625 1519 4688 nostre
1534 4639 1621 4689 nau·

210 4741 359 4834 fragium
376 4764 473 4814 sacra
496 4742 675 4836 sacrilegia
693 4742 916 4834 misceantur,
931 4752 1039 4836 utque
1053 4741 1242 4814 seditiones
1257 4751 1293 4814 et
1307 4740 1513 4814 calliditates
1528 4740 1621 4838 ipso·

289 4867 343 4929 vl.
365 4881 452 4926 ama
588 4921 595 4940 ,
1423 4873 1460 4925 st
