4310 5908
337 1073 453 1130 Lugduni,

332 1129 360 1170 25
373 1129 457 1182 aprilis.

1007 564 1221 628 FIIIIIEIIICI
1245 563 1417 627 saeuum
1724 563 1807 643 [aar.
1825 564 1911 630 1249.

564 1068 804 1154 Innocentius
830 1095 930 1180 papa
961 1069 1010 1152 ad
1037 1093 1165 1178 preces
1193 1065 1369 1152 Pandulfi
1394 1067 1442 1149 de
1467 1065 1663 1150 Fasanella
1691 1067 1818 1152 dilecti
1844 1068 1912 1151 lilii

510 1203 585 1312 sui,
606 1201 735 1286 abbati
753 1201 879 1284 Sancti
892 1201 991 1284 Petri
1009 1200 1057 1284 de
1073 1199 1313 1310 villamagna
1330 1199 1489 1282 mandat
1506 1208 1549 1282 ut
1564 1199 1702 1284 Jacobo
1715 1199 1910 1310 Squarsa-

508 1335 606 1446 pelle
629 1337 671 1417 in
697 1360 815 1444 regno
843 1334 991 1418 Siciliae
1014 1335 1063 1418 de
1088 1333 1299 1418 redditibus
1323 1331 1583 1416 ecclesiasticis
1608 1359 1730 1443 usque
1758 1332 1807 1416 ed
1831 1333 1908 1416 tri-

508 1469 614 1578 m’nta
632 1469 764 1552 uncias
783 1468 864 1553 auri
882 1469 1077 1579 provideat
1092 1467 1152 1552 rel
1170 1467 1284 1550 iaciat
1302 1465 1502 1576 prouideri.

587 1695 709 1778 (Iuedlt.
724 1713 763 1758 ex
775 1699 876 1776 regist.
887 1697 973 1775 eplst.
984 1694 1089 1756 Iunoc.
1102 1692 1156 1772 IV,
1171 1709 1219 1772 ap.
1233 1693 1310 1756 Btbl.
1324 1689 1906 1771 casu.1’nm.,aoc.soodstottr,cosa,

623 1811 657 1865 n⁰
670 1801 754 1882 615.)

473 1973 475 1976 ¹
551 2001 790 2092 Innocentius,
809 2007 899 2090 etc,
914 1998 1033 2072 abbati
1048 1999 1248 2073 monasterii
1264 1998 1380 2072 Sancti
1395 1996 1486 2072 Petri
1501 1997 1545 2071 da
1560 1998 1776 2092 villamagna
1791 1999 1906 2095 Anag-

502 2125 585 2200 niue
606 2125 769 2216 diocesis,
799 2133 866 2196 etc.
892 2123 1057 2195 Volentes
1080 2123 1226 2195 obtentu
1249 2118 1391 2217 preo'um
1412 2121 1529 2193 dilecti
1547 2119 1608 2193 lilii
1630 2111 1756 2194 nobilis
1778 2125 1843 2196 viri
1865 2123 1903 2197 Ρ.

504 2247 548 2322 de
565 2247 745 2321 Easanella
759 2247 887 2321 dilecto
903 2245 974 2318 filio
988 2245 1117 2319 Iacobo
1132 2244 1225 2319 dicto
1241 2245 1481 2340 Squarsapelle
1497 2245 1622 2318 clerico
1636 2245 1779 2318 ccclesia
1793 2247 1908 2320 Sancti

501 2370 678 2445 Pancracii
693 2370 849 2463 Anagnis
866 2369 1012 2461 gratiam
1028 2369 1141 2440 Iacere
1158 2369 1362 2464 specialem,
1383 2366 1589 2441 mandamus
1603 2379 1774 2463 quatenus
1789 2370 1855 2442 sibi
1869 2372 1906 2443 iu

502 2514 610 2588 regno
626 2493 739 2566 Sicilie
755 2493 800 2566 de
815 2491 1008 2565 redditibus
1021 2492 1261 2565 ecclesiasticis
1274 2492 1442 2586 usquead
1459 2513 1631 2564 summam
1643 2493 1782 2586 triginta
1790 2495 1905 2567 uncia·

501 2641 579 2691 rum
606 2618 681 2690 auri
706 2617 752 2690 ad
785 2619 1033 2711 cujuscumque
1061 2615 1281 2689 collationem
1311 2617 1545 2711 spectantibus
1570 2617 1753 2690 autoritate
1788 2629 1906 2692 nostra

501 2743 686 2840 provideas
700 2742 758 2814 vel
773 2741 879 2813 facias
894 2739 1070 2836 provideri
1086 2739 1178 2812 acin
1192 2739 1337 2812 ecelesia
1358 2761 1421 2812 seu
1434 2739 1588 2812 eeclesiis
1605 2739 1642 2811 in
1654 2762 1724 2834 qua
1739 2741 1813 2812 sive
1831 2740 1906 2834 qui·

500 2867 568 2940 bus
582 2866 648 2939 sibi
658 2865 835 2962 provisum
848 2863 953 2936 luerit
967 2863 996 2936 si
1012 2863 1194 2957 collegiata
1208 2863 1280 2935 sive
1296 2863 1475 2955 collegiata
1489 2863 1629 2952 inerint,
1646 2864 1682 2935 in
1700 2864 1904 2937 canonicum

501 2999 538 3062 ct
551 2990 588 3060 iu
601 2989 742 3060 tratrem
755 2988 876 3083 recipi,
891 2987 1133 3061 nonobstante
1144 2994 1240 3060 certo
1253 2987 1500 3060 canonicorum
1511 3009 1676 3080 numero,
1690 2997 1745 3060 ete
1748 3039 1900 3060 .....

548 3113 673 3184 Datum
688 3111 869 3206 Lugduni,
884 3113 946 3184 VII
959 3110 1126 3185 kalendas
1141 3110 1242 3202 mail,
1260 3131 1353 3185 anno
1369 3111 1413 3184 Vl
1433 3109 1448 3208 (
1471 3109 1501 3208 ).

388 3613 402 3646 ι
431 3635 443 3698 ¹.
549 3593 790 3678 Innocentius
818 3617 918 3702 papa
943 3589 986 3673 P.
1018 3589 1121 3674 fideli
1153 3616 1223 3675 suo
1249 3601 1288 3674 et
1313 3591 1502 3678 Ecclesiae
1528 3591 1755 3699 barmim,
1777 3603 1901 3678 castra

496 3740 718 3836 caeteraque
739 3725 841 3809 bona
867 3722 1039 3808 coneedit
1062 3747 1161 3833 quae
1178 3723 1389 3808 PandulIus
1411 3723 1460 3808 de
1486 3725 1640 3835 Aquino
1665 3723 1835 3835 ejusdem
1853 3726 1896 3810 P.

494 3868 602 3969 pater
640 3857 829 3943 Eriderico
860 3855 1080 3966 imperatori
1111 3866 1243 3939 contra
1280 3857 1485 3939 Ecclesiam
1523 3857 1732 3940 adhaerens
1760 3856 1901 3943 habere

494 3989 719 4097 dinoscitur,
742 3989 815 4072 hac
838 3987 1054 4072 conditione
1080 3997 1123 4070 ut
1148 3986 1213 4070 Ille
1240 3987 1516 4098 redintegretur
1538 3989 1571 4072 si
1597 3989 1646 4072 ad
1673 3991 1897 4076 mandatum

493 4123 682 4208 Ecclesiae
700 4119 864 4206 redierit.

575 4310 694 4392 (Inedlt.
704 4327 740 4372 cx
750 4311 852 4390 regist.
862 4310 948 4386 epist.
957 4309 1062 4370 innoc.
1073 4305 1128 4387 IV,
1138 4323 1211 4368 ann.
1221 4306 1280 4383 VI;
1293 4309 1325 4368 ln
1338 4305 1415 4368 Blbl.
1425 4306 1525 4371 Cmar.
1539 4309 1649 4385 Parta,
1662 4318 1753 4392 tuta,
1764 4320 1798 4372 ιι·
1812 4311 1894 4392 tu.)

528 4570 568 4642 (t)
585 4569 668 4626 Adest
679 4567 779 4626 ibidem
790 4567 872 4625 altera
883 4566 1029 4624 iunocentii
1040 4581 1125 4640 papae
1138 4565 1251 4640 epistola
1264 4566 1321 4624 dat.
1331 4567 1463 4641 Lugduni,
1476 4569 1504 4627 X
1515 4569 1643 4628 kalendas
1654 4571 1716 4629 maii
1728 4573 1773 4645 (22
1783 4570 1895 4646 aprilis),

490 4681 546 4737 qua
558 4667 592 4724 lt.
606 4665 642 4723 de
653 4663 789 4725 Galluocio
802 4663 873 4722 fldeli
885 4678 935 4722 suo
948 4669 1067 4722 castrum
1082 4663 1191 4722 Vatreni
1203 4663 1230 4720 in
1244 4679 1328 4738 regno
1341 4664 1448 4722 Stoiliae
1460 4665 1585 4724 restituit.
