4310 5908
505 587 564 650 7³2
1000 591 1214 654 rlttnffltlcl
1238 591 1412 655 securint
1717 592 1799 671 [Aba.
1816 591 1905 656 1249.

502 721 547 794 Et
562 721 628 817 ipsi
644 743 745 796 versa
760 725 837 796 vice
854 725 989 797 lucmm
1005 726 1101 818 quod
1116 726 1283 820 consequi
1299 736 1478 822 poterunt,
1498 735 1660 798 tenentur
1674 725 1831 800 dividme
1847 747 1910 822 per

502 846 656 917 medium
679 866 759 918 cum
780 846 855 942 ipso
873 847 1016 921 domino
1028 847 1245 944 patriarcba,
1264 849 1381 922 dando
1400 849 1515 922 eidem
1530 848 1775 939 medietatem,
1792 859 1829 922 et
1845 850 1910 922 sibi

502 967 606 1039 aliem
623 969 785 1043 retinere.
805 972 951 1066 Insuper
967 971 1122 1064 quelibet
1137 973 1274 1046 illamm
1288 971 1592 1062 communitatum,
1611 972 1743 1045 seilicet
1757 983 1910 1067 potestas

503 1111 583 1163 cum
602 1092 768 1183 oonsilio,
793 1093 875 1166 data
891 1104 1062 1189 potestate
1078 1096 1140 1166 uni
1153 1097 1190 1167 in
1205 1096 1361 1190 qualibet
1380 1095 1520 1168 civitate
1537 1094 1599 1188 qui
1614 1094 1650 1168 in
1665 1095 1816 1168 animam
1832 1097 1908 1170 illo·

502 1236 580 1286 rum
599 1193 754 1288 omnium
766 1218 919 1309 juraret,
936 1219 1035 1290 tactis
1050 1219 1234 1314 seripturis
1251 1220 1288 1291 in
1305 1219 1456 1292 animam
1471 1218 1624 1313 ipsomm
1640 1221 1839 1312 juramento
1854 1218 1910 1292 fir·

502 1340 612 1411 mavit
626 1340 722 1434 quod
744 1340 1035 1434 quandocumque
1056 1343 1238 1415 liezelinus
1259 1342 1304 1415 de
1325 1343 1480 1416 Romano
1496 1341 1667 1436 equitaret
1681 1363 1786 1438 super
1800 1353 1910 1416 terras

503 1462 636 1535 domini
667 1463 886 1559 patriarche,
925 1466 982 1538 vel
1011 1487 1116 1561 super
1152 1467 1373 1557 Tarvisium,
1404 1489 1466 1540 seu
1496 1488 1602 1561 super
1632 1476 1741 1540 terras
1778 1467 1909 1540 domini

503 1586 662 1679 Riaquini
692 1608 772 1659 cum
805 1607 869 1660 suo
895 1589 1043 1661 exfortio
1081 1591 1137 1662 vel
1169 1589 1323 1664 mitteret
1352 1600 1525 1662 trecentos
1555 1589 1682 1662 milites
1709 1591 1767 1662 vel
1795 1591 1906 1682 ultra,

504 1709 596 1783 dicte
610 1710 873 1802 communitates
891 1722 1076 1784 teneantur
1093 1735 1172 1786 cum
1188 1736 1252 1788 suo
1271 1714 1420 1786 exlortio
1439 1713 1595 1807 equitare
1616 1734 1722 1808 super
1738 1714 1910 1786 Veronam

505 1843 542 1905 et
557 1833 607 1906 eis
622 1834 735 1905 lacere
750 1833 868 1906 vivam
884 1856 1049 1908 werram.
1067 1837 1110 1908 Et
1122 1837 1218 1931 quod
1233 1858 1304 1910 non
1320 1837 1473 1910 debeant
1485 1837 1598 1909 lacere
1611 1858 1755 1932 pacem,
1772 1857 1911 1932 compo·

505 1957 665 2029 sitionem
680 1979 742 2030 seu
761 1957 979 2030 concordiam
996 1959 1148 2053 aliquam
1165 1981 1269 2055 super
1282 1959 1438 2055 predicta
1457 1981 1573 2033 werra
1590 1959 1665 2032 sine
1683 1961 1860 2033 voluntate
1876 1969 1912 2032 ct

439 2129 445 2141 ·
507 2101 681 2153 consensu
708 2080 815 2175 ipsius
837 2080 969 2153 domini
997 2081 1210 2177 patriarche,
1236 2083 1450 2177 quibuslibet
1472 2083 1734 2179 exceptionibus
1756 2084 1845 2176 juris
1875 2094 1911 2156 et

505 2203 587 2275 iacti
613 2202 798 2276 hincinde
826 2205 1040 2278 cessantibus
1066 2215 1102 2278 et
1125 2205 1286 2299 remotis,
1310 2207 1357 2278 ita
1374 2207 1470 2300 quod
1492 2207 1584 2280 idem
1604 2207 1800 2302 patriarcba
1817 2207 1910 2280 idem

502 2327 738 2418 juramentum
765 2327 814 2399 eis
840 2330 986 2423 prestari
1011 2330 1133 2422 laciat3
1163 2330 1317 2423 alioquin
1334 2352 1407 2403 non
1423 2331 1549 2403 debeat
1569 2331 1694 2418 teneri,
1718 2331 1909 2404 secundum

505 2449 602 2542 quod
623 2450 688 2522 bec
709 2452 824 2522 omnia
847 2453 1068 2525 continentur
1088 2445 1124 2525 in
1147 2453 1381 2549 predictarum
1405 2453 1584 2527 civitatum
1610 2455 1758 2550 publicis
1782 2455 1910 2528 instm·

505 2572 630 2644 mentis
662 2573 764 2645 etiam
792 2575 945 2670 ipsorum
974 2575 1094 2668 sigillis
1123 2577 1275 2649 munitis.
1302 2578 1379 2673 lpse
1399 2588 1516 2650 autem
1537 2578 1698 2651 dominus
1715 2579 1911 2674 patriarcba

505 2695 606 2768 dictis
622 2696 859 2770 instrumentis
876 2698 958 2770 visis
974 2708 1009 2770 et
1024 2699 1254 2774 instrumento
1274 2701 1422 2774 civitatis
1438 2703 1579 2776 Mantue
1593 2723 1710 2774 coram
1726 2724 1763 2774 se
1778 2711 1813 2774 et
1825 2725 1909 2777 con·

504 2819 581 2892 silio
597 2842 660 2892 suo
677 2821 852 2915 perlecto,
871 2823 917 2895 ad
930 2823 1099 2896 bonorem
1115 2825 1177 2898 Dei
1191 2835 1226 2897 et
1239 2836 1358 2898 sancte
1371 2827 1491 2898 matris
1506 2827 1674 2920 Ecclesia,
1697 2827 1755 2900 die
1767 2828 1815 2900 Xl
1830 2828 1910 2900 maii

503 2943 539 3013 in
563 2945 736 3038 presentia
757 2945 905 3018 Conradi
928 2947 1027 3020 electi
1045 2949 1344 3044 Iustinopolitani,
1370 2951 1560 3023 Hermanni
1583 2951 1684 3023 electi
1707 2953 1908 3044 Sextensis,

504 3065 641 3138 llenrici
664 3067 708 3140 de
726 3068 885 3160 villalta,
904 3070 1059 3144 Feden'ci
1082 3071 1127 3144 de
1152 3073 1315 3164 Castalio,
1334 3073 1506 3169 lindulpbi
1533 3073 1578 3148 de
1594 3074 1753 3149 Cibriano
1768 3084 1805 3148 et
1819 3075 1911 3149 Tho-

504 3189 603 3262 masii
634 3190 679 3263 de
704 3192 878 3286 Pulzinigo
900 3194 1105 3287 liberorum,
1136 3196 1284 3268 Cononis
1308 3207 1344 3269 et
1369 3195 1496 3270 Artuiti
1518 3198 1664 3270 fratrum
1688 3198 1734 3271 de
1755 3198 1909 3289 Murioo,

503 3312 668 3386 lobannis
694 3325 729 3388 et
752 3315 933 3411 Adelperti
961 3319 1107 3390 fratrum
1130 3319 1175 3392 de
1202 3320 1359 3393 Cocanea
1386 3331 1422 3393 et
1443 3321 1581 3392 Henmoi
1607 3321 1653 3394 de
1677 3321 1783 3414 Mels,
1806 3331 1911 3415 atque

503 3436 650 3508 aliorum
675 3438 827 3533 plurium
849 3441 1123 3514 ministerialium
1151 3442 1294 3516 ecclesie
1315 3443 1568 3537 Aquilejensis,
1592 3444 1689 3517 dedit
1709 3445 1910 3540 parabolam

503 3560 666 3652 magistro
680 3561 879 3654 Beringerio
894 3564 1113 3637 vicedomino
1130 3587 1193 3637 suo
1205 3567 1347 3659 jurandi
1364 3568 1400 3638 in
1418 3568 1534 3641 anima
1549 3589 1612 3641 sua
1626 3569 1742 3642 omnia
1755 3569 1912 3665 predicta

504 3692 542 3754 ut
559 3682 651 3756 dicte
666 3687 930 3760 communitates
945 3688 1058 3761 eidem
1071 3689 1296 3780 juraverant,
1316 3712 1418 3764 versa
1433 3691 1510 3764 vice
1532 3692 1663 3764 eisdem
1679 3693 1859 3766 attendere
1876 3703 1913 3766 et

503 3807 689 3880 observare
702 3809 794 3881 bona
805 3808 874 3883 fide
884 3812 957 3884 sine
970 3811 1105 3884 fraude.
1116 3812 1319 3898 Quiibidem
1331 3813 1440 3886 Libris
1448 3815 1676 3910 etScripturis
1685 3818 1911 3912 corporaliter

503 3929 626 4021 tactis,
650 3934 892 4029 queeuperius
910 3935 1100 4007 dictasunt
1118 3935 1249 4027 juravit
1272 3936 1309 4006 in
1329 3936 1480 4010 animam
1502 3937 1634 4011 domini
1647 3939 1856 4035 patriarche,
1874 3950 1911 4013 et

501 4063 700 4147 presentem
717 4053 872 4128 chartam
890 4056 982 4128 idem
999 4057 1195 4153 patriarcba
1208 4058 1311 4149 jussit
1330 4061 1383 4132 sui
1405 4061 1507 4153 sigilli
1528 4062 1717 4135 munimine
1738 4063 1906 4136 roborari.

551 4175 677 4249 Actum
693 4178 790 4273 apud
803 4179 944 4251 Utinum
959 4180 996 4252 in
1011 4201 1150 4254 camera
1163 4181 1296 4255 domini
1312 4183 1521 4277 patriarcba.

549 4300 623 4392 ligo
653 4302 779 4374 Paulus
808 4303 897 4375 sacri
928 4305 1047 4399 palatii
1080 4305 1235 4378 notarius
1266 4305 1319 4379 bis
1345 4307 1507 4380 omnibus
1536 4308 1677 4382 interlui
1708 4317 1744 4381 et
1768 4319 1910 4404 rogans

503 4442 636 4518 scripsi.
