4352 5940
217 677 317 737 iunrcr¹
333 674 381 754 5.]
660 667 858 732 HISTORIA
883 663 1180 731 otttountrcn.

422 963 729 979 ——ss—-OE

251 1233 502 1342 tridentus,
525 1235 786 1320 Romanorum
808 1188 1031 1342 imperator,
1052 1232 1304 1317 viterbienses
1331 1234 1381 1316 ed
1404 1231 1624 1317 fidelitatem
1663 1235 1818 1334 dm„

218 1391 329 1449 suam
347 1370 548 1452 redeuntes
565 1368 606 1448 in
626 1367 747 1504 gutia
764 1393 837 1450 sua
853 1366 1004 1476 recipit,
1024 1365 1152 1450 banna
1170 1365 1225 1449 eis
1244 1365 1408 1474 relaxat,
1428 1365 1626 1477 bonosque
1686 1342 1796 1452 ῗῗιιωιυῖ

217 1523 311 1582 usus
329 1510 367 1584 et
383 1501 676 1586 consuetudines
693 1497 908 1584 confirmat.

298 1723 434 1804 (ltdtder.
446 1728 549 1801 Bussr,
563 1726 664 1788 Storia
676 1724 709 1788 di
727 1723 851 1802 Viterto,
863 1725 1003 1804 append,
1013 1743 1044 1804 p.
1054 1733 1125 1788 tot.
1136 1725 1277 1800 -Ltrtr,
1292 1723 1419 1788 Senem
1429 1721 1527 1787 recita
1541 1722 1623 1788 Fica.

336 1832 485 1913 Momm,
498 1841 524 1896 t.
536 1837 562 1910 1,
571 1852 603 1913 p.
615 1844 685 1896 ⁴88.
696 1827 1158 1914 -ursrercmcr,scpptenr
1167 1829 1277 1895 dictor.
1294 1832 1389 1912 Teuc,
1400 1843 1422 1894 t.
1433 1833 1503 1908 xlt,
1515 1850 1546 1911 p.
1559 1832 1623 1912 49.)

265 2031 305 2104 ln
329 2033 470 2106 nomino
493 2042 612 2106 sancte
633 2041 669 2106 et
690 2030 870 2104 individuo
889 2029 1076 2105 Trinitatis.
1096 2031 1291 2104 Fridericus
1313 2030 1488 2104 secundus
1508 2030 1628 2105 muira

216 2156 358 2228 iaveute
376 2157 560 2230 clementia
579 2158 813 2230 Romanorum
833 2155 1022 2251 imperator
1040 2177 1178 2252 semper
1189 2165 1370 2248 augustus,
1385 2156 1577 2228 Jerusalem
1592 2165 1629 2229 et

217 2278 334 2351 Sicilie
354 2303 433 2352 rex.
449 2282 608 2354 Prcclara
627 2280 738 2352 virtus
758 2280 794 2351 iu
813 2279 972 2375 principe
993 2279 1174 2352 consuevit
1193 2301 1331 2376 semper
1350 2301 1426 2352 esse
1445 2279 1628 2352 clementia

215 2404 318 2494 cuius
331 2403 496 2477 instantia
509 2405 538 2476 si
553 2403 672 2477 diviua
685 2402 841 2498 potentia
848 2402 1011 2494 vincitur,
1017 2403 1207 2496 majoribus
1220 2403 1388 2477 celebrari
1400 2403 1527 2476 debeat
1537 2403 1630 2478 victa

217 2527 393 2623 preconiis
406 2549 511 2620 quum
527 2527 555 2598 si
570 2525 701 2600 victrix
715 2547 890 2599 armorum
907 2525 1104 2598 discrimine
1122 2526 1363 2623 triumpharet.
1382 2527 1472 2598 Sanc
1492 2524 1559 2599 boc
1576 2535 1630 2598 est

216 2651 322 2744 utile,
350 2651 418 2724 boc
442 2652 542 2724 civile
573 2651 667 2744 regis
691 2651 906 2746 prepotentis
932 2650 1117 2746 imperium
1140 2657 1182 2722 ut
1205 2650 1330 2723 noxios
1355 2649 1512 2723 subditos
1541 2671 1629 2743 quos

216 2786 334 2870 potest
349 2775 495 2848 dextera
504 2775 636 2849 viribus
652 2776 739 2846 fulta
755 2773 1133 2869 conterere,perveuie
1146 2773 1293 2866 gratiam
1305 2772 1470 2866 dignetur
1481 2772 1528 2844 ad
1542 2773 1630 2865 regi-

220 2920 301 2970 men
315 2901 369 2972 sui
385 2900 545 2972 culminis
558 2919 735 2972 revocare.
753 2900 825 2971 Hoc
840 2907 955 2971 tamen
969 2898 1154 2970 clementia
1172 2897 1241 2969 illis
1257 2896 1363 2969 debet
1380 2917 1455 2969 esso
1474 2898 1628 2970 clemen·

222 3023 287 3096 tior
299 3025 360 3118 qui
378 3046 400 3097 a
417 3024 560 3098 dominii
576 3025 685 3098 nostri
699 3022 768 3096 fide
782 3044 973 3120 paucorum
990 3021 1134 3118 pertidia
1151 3021 1266 3114 divisi,
1276 3043 1381 3116 quam
1391 3021 1541 3117 primum
1551 3041 1630 3117 pos·

221 3159 301 3220 sunt
308 3149 433 3241 jugum
445 3149 564 3221 illicito
576 3147 755 3244 potestatis
768 3157 948 3236 excutere,
960 3147 1007 3220 ad
1018 3149 1176 3219 naturale
1188 3145 1378 3218 dominium
1393 3154 1626 3218 revertuntur.

219 3275 285 3348 Per
297 3295 441 3370 presens
456 3275 575 3368 itaque
592 3274 811 3369 privilegium
828 3283 897 3346 tam
914 3295 1057 3368 presens
1072 3283 1146 3346 ctas
1159 3273 1298 3347 noverit
1308 3293 1413 3366 quam
1428 3293 1630 3346 successura

218 3398 404 3493 posteritas
425 3398 521 3491 quod
542 3417 726 3470 commuue
740 3397 886 3471 viterbii
906 3394 1028 3470 fideles
1043 3397 1154 3470 nostri
1168 3396 1229 3490 qui
1245 3394 1478 3490 quorumdam
1494 3394 1539 3468 de
1554 3395 1630 3490 ipsa

133 3575 135 3582 ,
219 3520 361 3594 civitate
376 3521 520 3593 Viterbii
535 3532 702 3616 operante
720 3521 889 3614 nequitia,
906 3542 979 3593 uon
995 3529 1111 3593 tamen
1130 3519 1339 3610 voluntarii,
1357 3519 1420 3592 scd
1442 3519 1552 3610 ignari
1572 3521 1630 3592 vel

219 3643 337 3737 pravis
352 3645 487 3717 seducti
502 3644 654 3717 consiliis
668 3667 690 3718 a
706 3644 776 3718 fide
790 3645 899 3718 nostri
915 3645 1065 3716 nominis
1080 3643 1268 3740 aliquando
1289 3642 1445 3717 deviasse
1465 3639 1631 3716 videban-

221 3777 292 3858 tur,
310 3769 355 3840 ab
377 3769 504 3841 enoris
526 3769 660 3842 tramite
679 3768 882 3842 recedentes
902 3779 938 3842 et
959 3769 1005 3842 ad
1025 3779 1119 3842 recta
1140 3768 1246 3841 corda
1266 3767 1425 3841 conversi
1446 3767 1573 3840 uostris
1592 3789 1629 3840 se

222 3889 394 3964 dederuut
409 3891 636 3987 beneplacitis
656 3900 692 3964 et
712 3893 897 3988 preceptis,
914 3893 1040 3986 iugatis
1059 3902 1095 3963 et
1110 3891 1156 3962 ab
1178 3912 1299 3963 eorum
1316 3890 1559 3963 communione
1574 3913 1631 3963 re·

222 4015 331 4110 pulsis
346 4015 413 4087 biis
427 4016 489 4109 qui
507 4037 645 4088 causam
670 4016 950 4110 transgressionis
966 4015 1098 4088 eisdem
1114 4013 1332 4087 suasionibus
1348 4013 1482 4086 callidis
1499 4013 1628 4086 tribue·

222 4149 317 4226 ruut,
330 4139 424 4235 ipsos
439 4141 475 4211 iu
489 4139 759 4214 destructionem
773 4141 943 4214 bonorum
959 4148 995 4212 et
1007 4141 1110 4236 plene
1124 4138 1360 4212 subversionis
1369 4137 1540 4229 judicium
1552 4158 1631 4233 per·

222 4272 420 4356 sequentes.
440 4264 512 4336 Nos
535 4263 802 4336 viterbiensium
825 4265 1027 4337 eorumdem
1054 4263 1129 4336 zelo
1154 4260 1236 4334 iidei
1266 4261 1451 4355 diligenter
1475 4269 1627 4354 attento,

223 4387 366 4480 antique
382 4387 578 4460 devotionis
597 4389 701 4461 etiam
722 4410 793 4460 uon
814 4388 1033 4460 immemores
1053 4386 1242 4458 existentes
1257 4408 1362 4478 quam
1378 4385 1426 4458 ad
1440 4385 1631 4478 majestatis

222 4521 340 4583 nostre
355 4532 541 4608 personam
562 4522 598 4584 et
612 4533 748 4584 sacrum
763 4513 947 4608 imperium
962 4510 1092 4584 diutius
1109 4510 1271 4584 babuisse
1293 4519 1486 4584 noscuntur
1502 4510 1538 4583 iu
1562 4512 1630 4584 tui·

225 4633 317 4707 tione
338 4635 448 4708 nostri
465 4634 624 4707 culminis
640 4636 865 4732 respirantes,
884 4635 1049 4730 precipue
1063 4644 1185 4709 contra
1200 4656 1260 4708 eos
1275 4635 1337 4731 qui
1352 4653 1475 4707 eorum
1490 4637 1631 4728 sangui·

225 4777 304 4828 uem
319 4758 475 4831 sitientes
489 4759 536 4832 ad
551 4756 692 4832 finalem
703 4759 858 4856 aspirant
872 4759 1049 4835 interitum
1065 4759 1288 4851 eorumdem,
1306 4769 1428 4834 contra
1447 4779 1536 4853 quos
1557 4763 1631 4834 sola

304 4879 359 4943 vt.
379 4896 432 4941 rur
443 4899 466 4940 a.
1432 4893 1470 4945 tt
