4306 5914
213 620 316 681 ‘lenton
333 620 378 698 ·t.]
657 610 855 674 HISTORIA
878 609 1175 677 ctrnouartcn
1562 615 1624 678 '109

214 753 418 848 magnitudo
441 760 481 823 ut
497 749 591 822 idem
595 799 766 820 .....
787 755 896 818 terras
909 745 1062 840 singulas
1077 749 1174 842 regni
1187 752 1297 824 nostri
1313 773 1394 824 cnm
1406 752 1624 849 improperiis

213 886 357 974 peragat
368 886 404 948 et
416 873 611 964 tormentis,
620 870 780 943 ultimum
794 880 969 966 postremo
982 873 1189 967 supplicium
1202 877 1391 950 subiturus.
1407 880 1519 951 Instar
1529 877 1623 950 enim

213 1001 351 1097 pietatis
365 1010 419 1073 cst
435 1000 473 1072 in
488 995 688 1092 hujusmodi
704 994 844 1067 sceleris
863 995 1076 1068 correctione
1092 997 1197 1070 fuisse
1217 1001 1408 1074 crudelem.
1427 1003 1541 1088 Quare
1555 1023 1623 1076 nec

215 1123 285 1198 diei
305 1124 369 1197 Dei
390 1121 586 1197 reverentia
604 1118 759 1192 retardet
776 1118 1007 1211 crudelitatis,
1024 1121 1108 1214 quin
1127 1121 1197 1195 imo
1213 1124 1350 1219 pietatis
1366 1125 1538 1216 officium,
1556 1148 1623 1201 nec

216 1247 310 1320 iestis
330 1246 455 1320 diebus
475 1266 556 1318 reus
571 1245 643 1316 lese
659 1242 801 1315 crimina
819 1241 1044 1336 majestatisa
1062 1244 1217 1341 principe
1237 1246 1404 1322 adversus
1418 1271 1523 1344 quem
1542 1248 1623 1322 talia

216 1371 356 1444 molitus
368 1380 434 1464 est,
450 1369 587 1442 veniam
607 1366 711 1460 digne
727 1367 854 1463 poterit
867 1375 1067 1462 expectare.
1084 1369 1172 1440 Nam
1188 1371 1218 1443 si
1232 1371 1320 1444 fasta
1335 1372 1411 1445 dies
1427 1394 1498 1445 non
1512 1382 1625 1446 cessat

215 1493 362 1590 perdere
378 1497 505 1586 iurem,
522 1501 654 1589 quanto
669 1491 784 1564 minus
800 1490 944 1564 desistet
958 1513 1099 1588 pmnam
1119 1493 1275 1588 infligere
1291 1495 1491 1590 hujusmodi
1506 1497 1624 1594 prodi·

217 1619 306 1693 tori?
330 1618 523 1713 Exequaris
547 1617 653 1712 igitur
677 1626 840 1711 tanquam
866 1616 975 1689 nostri
997 1616 1111 1710 judex
1134 1619 1301 1714 propositi
1321 1615 1569 1718 [sententiam],
1586 1631 1627 1694 ut

216 1742 341 1817 effectu
357 1743 472 1839 operis
487 1744 617 1815 clareat
632 1749 800 1834 quantum
815 1740 925 1812 habes
940 1739 1011 1813 odii
1026 1740 1196 1814 adversus
1217 1751 1288 1814 tam
1309 1743 1467 1816 immensi
1488 1747 1626 1820 sceleris

218 1876 441 1962 patratorem.
457 1869 530 1940 Nec
549 1875 583 1938 te
600 1875 741 1938 moveat
755 1864 850 1959 quod
865 1862 911 1935 ad
927 1863 1087 1936 affectum
1102 1887 1174 1938 non
1189 1865 1332 1939 duxerit
1347 1868 1442 1963 quod
1457 1868 1624 1963 intendit,

217 1991 381 2085 quoniam
410 2013 481 2064 non
504 1990 610 2063 debet
641 1989 830 2062 vindictam
853 1986 1033 2080 effugare,
1068 2011 1172 2082 quem
1195 1997 1265 2062 tam
1287 1989 1353 2063 diri
1381 1993 1518 2065 conscia
1545 1994 1627 2067 facti

217 2137 316 2188 mens
336 2115 443 2190 habet
462 2115 649 2188 attonitum
674 2123 709 2185 at
724 2111 830 2184 surdo
846 2111 993 2184 verbere
1016 2111 1109 2184 cedit
1127 2138 1136 2183 ε
1167 2111 1231 2184 has
1247 2113 1341 2186 enim
1358 2135 1481 2210 poenas
1496 2116 1626 2214 patitur

218 2239 385 2335 peccandi
405 2241 478 2312 sola
493 2241 666 2329 retentae,
686 2259 767 2310 nam
783 2235 864 2308 iacti
882 2236 1014 2308 crimen
1033 2234 1139 2308 habat
1158 2235 1193 2307 in
1215 2257 1253 2308 se
1282 2239 1395 2310 scelus
1414 2239 1474 2334 qui
1497 2240 1626 2334 cogitat

217 2360 378 2460 illud(a),
397 2361 531 2436 etiamsi
544 2384 684 2435 cursum
698 2360 830 2434 facinus
845 2380 915 2431 non
931 2359 1083 2453 attigerit
1097 2369 1331 2456 peroptatum.

271 2921 513 3006 innocentius
538 2947 637 3031 papa
654 2920 830 3030 episcopo
855 2921 1071 3004 Tusculano
1093 2920 1330 3031 Apostolicae
1362 2921 1470 3006 Sedis
1497 2923 1624 3034 legato
1700 2927 1744 2982 ¹¹¹⁶

219 3057 377 3140 mandat
400 3057 530 3167 quod,
561 3081 650 3139 cum
678 3055 893 3140 Melisendis
918 3066 1009 3138 nata
1032 3053 1212 3137 Amalrici
1235 3056 1337 3165 regis
1358 3067 1397 3139 et
1430 3057 1625 3142 Yolaudae

220 3189 415 3300 quondam
437 3189 590 3300 reginae
607 3187 825 3288 Jerusalem,
846 3199 1030 3298 tanquam
1048 3188 1269 3296 proximiori
1287 3190 1624 3300 consanguinitatis

220 3321 320 3405 linea
333 3322 507 3405 Conrado
524 3321 631 3432 regni
648 3320 951 3432 ierosolymitani
964 3319 1116 3403 haeredi
1129 3319 1348 3430 conjuncta,
1362 3322 1575 3407 dominium
1588 3335 1626 3407 et

220 3453 433 3564 bajulatum
464 3454 583 3564 ipsius
610 3454 719 3565 regni
746 3454 933 3564 requiret,
964 3453 1147 3563 inquisita
1172 3453 1328 3538 veritate
1354 3464 1392 3538 et
1417 3455 1449 3537 si
1481 3455 1626 3568 absque

221 3585 401 3671 scandalo
417 3587 498 3670 fieri
515 3587 654 3697 possit,
673 3587 713 3670 id
730 3586 864 3697 exequi
883 3611 959 3668 non
978 3585 1140 3669 omittat.

302 3801 398 3881 (Edit.
413 3819 462 3880 ap.
477 3801 617 3879 Horma,
632 3797 769 3860 Bibliotlt.
782 3797 831 3860 da
848 3795 925 3860 liter.
948 3798 1065 3859 Vercim
1076 3799 1111 3859 in
1126 3799 1291 3880 stuttgart,
1306 3804 1331 3862 t.
1349 3799 1480 3880 xv1,p.
1501 3810 1571 3884 185,
1590 3819 1630 3866 cx

341 3911 466 3988 regione
477 3911 563 3986 optat.
572 3909 676 3969 Innoc.
685 3906 739 3982 IV,
752 3922 831 3967 anno
841 3903 897 3985 Vl,
911 3906 1061 3984 celicum
1074 3905 1141 3968 eod.
1156 3903 1233 3965 Btbl.
1245 3903 1345 3966 Cesar.
1357 3906 1466 3985 Poris,
1476 3915 1511 3966 n‘
1522 3907 1626 3988 tote.)

270 4123 503 4214 Innocentius,
522 4131 607 4213 etc,
628 4120 789 4216 episcopo
802 4117 996 4189 Tusculano
1010 4115 1206 4212 Apostolice
1225 4117 1324 4190 Sedis
1339 4119 1467 4212 legato,
1487 4128 1555 4192 etc.
1574 4120 1629 4195 Ex

222 4259 318 4344 parta
339 4247 465 4320 dilecte
485 4248 522 4320 in
542 4245 673 4320 Christo
692 4242 763 4316 filie
781 4241 906 4315 nobilis
925 4240 1078 4312 mulieris
1090 4241 1249 4314 Melisent
1262 4242 1380 4314 relicto
1394 4242 1570 4336 quondam
1585 4245 1625 4318 B.

221 4372 385 4468 principis
401 4369 669 4461 Antiochiansis,
686 4377 767 4442 nate
784 4367 876 4440 clare
893 4364 1059 4438 memorie
1077 4363 1120 4436 Α.
1141 4366 1233 4458 regis
1247 4374 1283 4437 et
1294 4367 1339 4440 Y.
1358 4365 1478 4459 regine
1491 4367 1628 4442 Jerosc·

262 4601 304 4684 (a)
326 4601 389 4664 Sub
402 4601 459 4663 hoc
479 4602 544 4664 loco
559 4607 590 4664 ot
609 4601 694 4678 quasi
712 4600 750 4661 ad
768 4599 898 4660 litteram
918 4613 1071 4676 expressos
1090 4602 1152 4657 tun
1169 4596 1245 4658 bene
1257 4602 1343 4658 nous
1356 4597 1508 4660 Jnrcnalts
1526 4615 1630 4663 versus

222 4711 355 4787 quisquis
368 4707 619 4771 animadverterit.
631 4705 676 4770 Gi.
692 4707 786 4768 Satir.
801 4705 885 4780 xm,
903 4721 980 4766 vers.
998 4711 1067 4780 19³,
1086 4710 1156 4781 194,
1173 4713 1245 4784 tot,
1260 4712 1327 4764 too.

298 4815 354 4879 Ἦ.
375 4831 463 4879 runs.
1430 4819 1467 4873 90
