4300 5916
506 608 568 671 ers
1040 600 1394 677 uornunrouanrr
1717 608 1905 686 [aaran.

506 739 790 850 requisitionem
809 736 964 822 Gerardi
983 737 1032 819 de
1050 733 1193 844 Sintzig
1213 735 1254 816 in
1271 734 1427 818 comites
1449 734 1497 818 de
1513 736 1661 821 Nassau
1678 752 1716 824 et
1733 740 1781 826 de
1800 741 1907 830 Isen-

508 873 607 984 burg
626 870 795 980 aliosque
811 869 960 978 imperii
977 866 1150 951 inimicos
1169 865 1355 952 hostiliter
1370 865 1586 978 insurgant.

589 1085 691 1165 (Edld.
705 1085 816 1157 Taoss,
838 1079 1027 1162 Westpltalia,
1044 1091 1083 1144 at
1094 1087 1161 1160 lun.
1180 1091 1268 1160 ¹8²⁵,
1282 1099 1315 1161 p.
1331 1083 1375 1162 t.)

555 1272 732 1346 Conradus
750 1272 821 1345 divi
837 1271 975 1364 augusti
990 1270 1206 1366 imperatoris
1220 1270 1383 1344 Frideriei
1397 1269 1507 1361 filius,
1527 1271 1592 1346 Dei
1603 1273 1713 1366 gratia
1730 1273 1766 1347 in
1781 1275 1906 1350 Roma·

506 1422 631 1508 nomm
650 1419 769 1492 regem
790 1401 921 1472 electus
936 1419 1074 1493 semper
1088 1407 1255 1490 augustus
1270 1407 1306 1470 et
1318 1388 1421 1470 heres
1436 1399 1535 1491 regni
1552 1399 1784 1489 Hierusalem,
1803 1401 1906 1476 bure·

506 1524 634 1620 gravis
658 1519 711 1620 (o)
734 1523 779 1595 de
802 1522 1036 1612 Hemerstein,
1058 1520 1364 1611 ministerialibus,
1389 1522 1528 1594 vasallis
1559 1523 1751 1618 ceterisque
1773 1526 1907 1622 imperii

505 1649 666 1724 fidelibus
680 1655 857 1744 presentes
873 1645 1004 1718 litteras
1013 1644 1218 1739 inspecturis
1231 1643 1375 1736 gratiam
1390 1667 1488 1730 susm
1503 1656 1538 1718 et
1552 1668 1655 1720 omne
1666 1647 1810 1720 bonum.
1823 1649 1907 1722 Cum

507 1775 650 1848 comites
670 1770 718 1868 (b)
734 1772 779 1844 de
799 1771 968 1843 Nassowe
982 1777 1017 1841 et
1033 1769 1077 1841 de
1094 1767 1280 1860 lsenbergb
1297 1779 1333 1840 et
1350 1769 1408 1840 ulii
1424 1769 1560 1864 imperii
1576 1771 1705 1844 inimici
1720 1793 1785 1846 nos
1800 1783 1907 1846 teme·

506 1899 597 1972 rurio
611 1918 697 1970 ausu
713 1894 946 1984 molestarint,
958 1913 1045 1988 quos
1055 1893 1201 1965 transire
1214 1892 1375 1964 nolumus
1385 1894 1559 1966 ullatenus
1570 1895 1798 1990 incorrectos,
1808 1919 1907 1970 man·

506 2025 629 2097 damus
650 2019 827 2094 devotioni
849 2027 963 2091 vestre
981 2027 1154 2110 quatenus
1168 2017 1214 2088 ob
1236 2015 1402 2090 honorem
1418 2027 1574 2090 nostrum
1592 2028 1627 2092 et
1640 2019 1789 2116 imperii,
1805 2023 1907 2113 juxta

506 2146 763 2242 requisitionem
779 2142 944 2216 Gerbsrdi
955 2143 1000 2214 de
1013 2138 1270 2214 Zinziehlidelis
1280 2141 1403 2235 nostri,
1416 2142 1656 2216 advindietam
1666 2154 1760 2218 tante
1767 2144 1904 2238 injuria,

505 2272 594 2346 sieut
611 2271 657 2343 de
676 2267 774 2340 vobis
787 2265 1011 2356 confidimus,
1027 2265 1182 2338 debeatis
1194 2265 1383 2361 procedere
1395 2275 1515 2340 eontra
1532 2267 1686 2341 eosdem.

555 2397 680 2466 Datum
695 2391 790 2486 apud
806 2392 901 2476 Hell,
921 2391 983 2462 XV
998 2388 1223 2486 septembris,
1240 2389 1318 2462 xlv
1333 2388 1544 2476 indictione.

311 2951 464 3060 ὦ)
560 2944 758 3028 Comedus
775 2943 814 3024 in
835 2943 1092 3026 Romanorum
1115 2965 1245 3051 regem
1266 2943 1407 3025 electus
1425 2943 1612 3027 universis
1628 2941 1852 3028 officialibus
1870 2951 1907 3026 et

298 3059 326 3102 ²⁸
338 3059 482 3114 ''W'‘
505 3076 651 3162 oivibus
668 3075 816 3185 imperii
836 3076 992 3157 mandat
1012 3086 1056 3158 ut
1077 3074 1292 3184 generalem
1310 3075 1585 3160 ominationem
1604 3100 1628 3158 a
1644 3086 1752 3185 patre
1773 3101 1845 3160 suo
1866 3076 1906 3158 in

506 3211 612 3295 euris
642 3209 922 3320 Moguntinensi
953 3207 1093 3290 laetam
1124 3206 1225 3290 eirea
1250 3205 1448 3291 ecelesiam
1482 3209 1530 3292 de
1557 3208 1685 3294 Salem
1715 3207 1905 3292 observari

506 3341 666 3448 faciant,
686 3341 827 3425 soilioet
849 3341 952 3451 quod
978 3339 1108 3423 nullus
1133 3339 1250 3423 homo
1276 3340 1452 3448 proprius
1475 3366 1723 3447 personarum
1749 3342 1904 3424 secula-

506 3473 607 3559 rium
626 3503 693 3559 seu
710 3474 1045 3559 aeclesiasticorum
1069 3472 1149 3558 sine
1172 3498 1359 3556 consensu
1378 3474 1524 3558 domini
1547 3473 1606 3558 sui
1628 3474 1668 3556 in
1692 3474 1904 3560 ciuitatibus

455 3679 463 3696 .
506 3609 653 3720 imperii
672 3635 743 3718 pro
760 3609 839 3693 cire
857 3619 1079 3717 receptetur.

585 3821 681 3903 (lldlt.
693 3824 725 3883 ln
739 3820 867 3884 Sorores·
877 3819 995 3902 Apion,
1006 3840 1037 3900 p.
1053 3833 1104 3894 tto,
1121 3828 1151 3884 et
1164 3821 1245 3899 apud
1259 3820 1372 3894 Lunro,
1386 3817 1593 3894 ammte,
1608 3827 1632 3880 t.
1645 3819 1758 3899 xvm,
1773 3839 1806 3900 p.
1819 3830 1877 3884 tot
1893 3841 1902 3884 ε

625 3921 714 3992 ambe
731 3935 830 3990 autem
848 3931 957 3989 omisso
977 3927 1066 3989 verbo
1084 3923 1234 3998 dolendos,
1250 3927 1361 3986 sullloet
1372 3925 1443 3988 add
1463 3925 1602 3987 oembrts.
1616 3959 1658 3973 -
1669 3927 1816 3989 Collatum
1835 3945 1904 3989 oum

623 4035 690 4097 libr.
704 4034 884 4113 privilaglor.
903 4040 1032 4096 monast.
1046 4032 1179 4096 Salemlt.
1198 4034 1230 4092 ln
1247 4031 1328 4093 areb.
1345 4031 1510 4104 Kmtsruh,
1526 4032 1586 4092 vol.
1604 4030 1657 4112 lv,
1673 4033 1725 4097 lol.
1740 4041 1813 4113 m,
1830 4042 1902 4113 ⁴8⁵,

624 4149 697 4219 ⁴55,
711 4137 892 4218 ubiquaque
905 4138 1260 4201 adsunteonssrmatlones
1273 4135 1311 4198 ab
1325 4137 1451 4198 llenrleo
1466 4137 1740 4217 Luxamburgense,
1757 4139 1905 4202 Frldarleo

622 4249 778 4310 Austrtaeo
790 4247 869 4307 dioto
884 4246 1011 4308 Pulchro
1023 4254 1052 4308 et
1066 4246 1171 4308 carolo
1184 4252 1291 4324 quarto
1306 4243 1530 4322 imperatoribus
1543 4249 1723 4320 eundemne.)

553 4434 729 4507 Conradus
745 4433 815 4506 divi
831 4432 968 4526 augusti
983 4431 1199 4528 impemtoris
1216 4430 1378 4505 Fridarioi
1393 4429 1503 4523 filins,
1524 4432 1588 4506 Dei
1602 4433 1713 4526 gratia
1733 4434 1904 4508 Romano·

546 4607 588 4689 (a)
610 4607 675 4687 Sto,
690 4611 796 4669 restim
810 4616 909 4670 umen
923 4615 956 4670 ut
970 4609 1124 4688 opinamur
1137 4605 1301 4690 tepea

546 4711 588 4794 (b)
610 4714 646 4774 In
660 4716 800 4792 impresso
813 4731 912 4776 mmm.
