4310 5908
514 603 575 672 ran
1011 607 1225 674 rarnnurcr
1249 599 1421 670 succum
1730 605 1814 692 [aaa.
1831 608 1920 672 rsus.

514 743 619 816 dente
630 744 707 818 viro
723 745 887 838 magistro
903 748 1005 821 Petro
1021 747 1066 821 de
1080 747 1146 820 Ota
1160 743 1278 838 judica
1292 743 1410 820 Sancti
1422 743 1605 834 Germani,
1621 755 1801 838 assumpto
1817 744 1921 815 ctiam

513 867 551 942 in
571 870 745 942 notorium
765 871 930 965 magistro
952 871 1101 945 Garaido
1119 869 1260 967 publico
1279 867 1417 940 notario
1441 867 1590 940 civitatis
1613 867 1763 956 lsernie,
1790 865 1921 939 domini

510 991 729 1088 imperatoris
755 993 935 1086 fidelibus,
964 1015 1007 1067 ac
1034 1003 1165 1068 stourto
1189 993 1224 1064 in
1252 1011 1356 1064 causa
1382 991 1458 1088 ipsa
1480 1001 1705 1087 procuratore
1730 1009 1795 1085 pro
1823 1001 1922 1086 parte

509 1115 698 1212 imperialis
717 1119 812 1192 curie
828 1118 979 1192 discreto
1002 1129 1038 1191 ct
1053 1113 1149 1191 fideli
1163 1117 1239 1190 viro
1256 1117 1422 1210 magistro
1435 1115 1601 1209 Gregorio
1616 1114 1788 1188 aduocato
1804 1115 1921 1186 Sancti

508 1239 694 1332 Germani,
714 1242 775 1336 qui
792 1245 874 1334 jura
891 1243 987 1315 curie
1010 1251 1166 1314 tueretur
1190 1252 1263 1314 tam
1280 1239 1434 1313 fideliter
1457 1259 1564 1333 quam
1588 1239 1793 1335 prudenter,
1816 1240 1921 1311 irater

507 1363 698 1437 landulfus
712 1365 904 1438 monachus
922 1367 1137 1456 casinensis,
1153 1373 1357 1461 procurator
1371 1363 1536 1460 syndicus
1550 1365 1609 1436 vel
1627 1372 1724 1436 actor
1739 1361 1864 1434 decani
1884 1372 1921 1435 et

508 1479 702 1562 conventus
733 1492 934 1563 monasterii
960 1469 1154 1564 casinensis
1189 1491 1399 1562 constitutus
1419 1497 1540 1562 contra
1568 1487 1762 1585 predictum
1794 1506 1920 1582 procu·

508 1621 659 1686 retorem
675 1615 783 1704 curie,
807 1635 872 1712 per
896 1615 1052 1688 libellum
1073 1615 1251 1712 proposuit
1270 1615 1305 1688 in
1328 1615 1422 1687 hunc
1441 1615 1582 1687 modum
1604 1639 1613 1684 r
1635 1613 1801 1710 Proponit
1814 1613 1921 1685 irater

507 1737 697 1810 landulfus
729 1740 930 1812 monasterii
957 1739 1151 1812 casinensis
1176 1749 1383 1835 procurator
1410 1738 1575 1835 syndicus
1595 1739 1653 1810 vel
1678 1745 1777 1809 actor
1795 1736 1919 1809 decani

508 1862 953 1936 atconventusmonasterii
967 1861 1162 1935 Casincnsis
1170 1861 1266 1955 quod
1275 1861 1443 1952 constitit,
1454 1857 1694 1957 procuratorio
1704 1859 1917 1953 nominepro

508 1990 606 2076 parte
628 1984 833 2060 eorumdem
855 1994 975 2058 contra
994 1986 1198 2078 magistrum
1217 1984 1422 2078 Gregorium
1438 1984 1483 2057 de
1502 1985 1630 2056 Sancto
1648 1983 1821 2054 Germano
1836 2001 1919 2078 pro·

508 2115 704 2179 curatorem
724 2108 940 2203 imperialem
967 2110 1064 2181 curie
1092 2130 1198 2205 super
1216 2108 1283 2181 hoc
1299 2118 1466 2180 statutum
1480 2107 1576 2204 quod
1590 2107 1748 2180 similiter
1765 2106 1921 2179 constitit

507 2249 572 2324 pro
588 2240 686 2325 parte
703 2231 812 2326 ipsius
827 2233 937 2323 curic,
953 2233 1076 2306 dicens
1094 2233 1189 2327 quod
1209 2253 1290 2304 oum
1309 2231 1457 2328 predicti
1475 2241 1633 2305 tenerent
1648 2240 1684 2303 et
1701 2231 1920 2326 possiderent

507 2371 564 2426 res
593 2354 736 2428 interius
761 2356 961 2448 designatas
992 2356 1037 2429 ad
1067 2358 1180 2453 ipsum
1212 2367 1423 2429 conventum
1445 2359 1526 2450 jura
1557 2355 1701 2428 dominii
1727 2355 1783 2426 vel
1817 2354 1916 2447 quusi

507 2488 722 2573 spectantes,
740 2481 898 2553 Taliurus
910 2481 955 2554 de
972 2484 1088 2577 Capua
1111 2482 1195 2554 dum
1217 2483 1255 2552 iu
1276 2483 1388 2554 llocca
1406 2482 1528 2552 lanula
1546 2478 1745 2552 castellania
1763 2477 1915 2552 officinm

507 2603 712 2694 exercebat,
735 2625 791 2676 res
810 2603 903 2700 ipsas
919 2606 1091 2678 violenter
1106 2615 1143 2677 ct
1160 2615 1280 2678 contra
1296 2605 1488 2698 justitiam,
1508 2603 1688 2675 monacbis
1707 2603 1816 2698 ipsius
1830 2621 1914 2674 con·

505 2739 632 2800 ventus
647 2728 765 2800 invitis
779 2738 816 2800 ct
832 2729 1163 2822 contradicentibus,
1181 2729 1389 2826 occupavit:
1407 2749 1478 2822 que
1495 2727 1587 2800 bona
1603 2725 1697 2799 dicto
1715 2726 1853 2798 Taliuro
1870 2724 1915 2797 de

506 2852 671 2924 mandato
692 2852 882 2947 imperialis
899 2852 1113 2928 celsitudinis
1132 2861 1235 2948 capto
1252 2862 1289 2925 et
1304 2853 1405 2926 bouis
1419 2855 1495 2946 ejus
1509 2851 1671 2924 omnibus
1686 2847 1852 2920 infiscatis
1868 2848 1914 2920 ad

505 2993 629 3046 munus
651 2975 840 3070 imperialis
861 2977 957 3050 curie
982 2998 1062 3049 cum
1088 2977 1190 3050 bonis
1217 2978 1293 3048 aliis
1322 2977 1481 3069 ejusdem
1505 2973 1633 3048 Taflirri
1661 2983 1910 3068 pervenerunt

505 3096 619 3182 Quare
641 3097 729 3191 petit
750 3098 988 3192 procuratorio
1002 3098 1143 3170 nomine
1166 3117 1231 3194 pro
1248 3107 1347 3194 parte
1371 3098 1608 3194 predictorum
1631 3093 1755 3168 decani
1775 3103 1812 3165 et
1828 3111 1913 3166 cun·

503 3227 643 3311 santus,
661 3221 853 3293 secundum
868 3239 1005 3294 sacrum
1027 3222 1205 3318 imperiale
1226 3223 1450 3317 rescriptum,
1476 3243 1533 3294 res
1549 3222 1642 3318 ipsas
1655 3219 1720 3292 sibi
1736 3237 1801 3313 pro
1815 3226 1914 3312 parte

503 3341 739 3439 predictorum
756 3345 881 3418 decani
902 3355 938 3418 ct
957 3355 1151 3418 conventus
1171 3343 1339 3439 resignari
1355 3354 1396 3417 ut
1410 3355 1464 3418 est
1479 3347 1626 3438 justum.
1651 3345 1720 3417 Res
1743 3351 1825 3414 sunt
1847 3339 1914 3413 hec

502 3466 627 3542 domus
654 3469 691 3540 in
717 3469 845 3541 Sancto
870 3470 1044 3542 Germano
1064 3471 1099 3542 in
1121 3471 1259 3543 Curaria
1280 3490 1361 3542 cum
1377 3469 1555 3564 apothecis
1574 3478 1610 3540 et
1629 3469 1754 3540 balneo
1769 3465 1913 3538 inferio·

501 3590 597 3663 ribus
617 3591 846 3665 existentibus
864 3593 901 3663 in
920 3593 995 3688 ipsa
1019 3593 1124 3666 domo
1142 3595 1254 3690 posita
1272 3594 1309 3665 in
1329 3595 1446 3690 platea
1463 3591 1686 3666 Celsalarium
1703 3589 1789 3688 (aa)
1807 3590 1911 3683 juxta

500 3715 643 3788 domum
653 3713 791 3788 llenrici
801 3717 943 3789 loannis
956 3717 1002 3789 de
1014 3717 1178 3809 Antonio,
1186 3719 1291 3810 juxta
1304 3717 1396 3790 viam
1410 3715 1587 3812 publicam
1602 3725 1638 3786 et
1648 3715 1753 3806 juxta
1766 3713 1910 3786 domum

499 3835 632 3911 Salvuli
658 3837 785 3910 Hebrei
808 3849 844 3911 ct
862 3841 893 3910 si
914 3840 977 3934 qui
993 3841 1054 3912 alii
1079 3849 1162 3913 sunt
1177 3835 1344 3913 confines.
1371 3840 1550 3912 Prodictus
1569 3849 1688 3910 autem
1707 3846 1913 3934 procurator

499 3962 594 4035 curie
610 3959 707 4034 litem
719 3963 949 4036 contestando
969 3965 1146 4036 confessus
1160 3973 1214 4037 ast
1233 3964 1447 4060 imperialem
1464 3963 1596 4035 curiam
1614 3972 1732 4034 tenere
1747 3971 1785 4033 et
1796 3960 1908 4056 possi·

497 4084 582 4157 dere
611 4085 723 4158 resin
747 4085 865 4158 libello
886 4084 1097 4180 designatas,
1123 4095 1159 4158 et
1175 4105 1232 4158 res
1247 4085 1340 4181 ipsae
1358 4103 1438 4158 cum
1461 4085 1563 4158 bonis
1586 4085 1669 4158 dicti
1685 4081 1813 4157 Taliuri
1832 4081 1910 4154 aliis

496 4205 663 4284 infiscatis
677 4205 802 4280 eodem
814 4203 952 4279 Taliuro
965 4207 1011 4282 de
1027 4207 1194 4280 mandato
1210 4208 1384 4304 imperiali
1401 4219 1505 4304 capto
1520 4209 1566 4280 ad
1579 4227 1705 4280 manus
1720 4205 1908 4302 imperialis

496 4327 815 4424 ouriaperrenisse3
832 4329 1025 4401 cctemalia
1039 4329 1076 4399 in
1091 4327 1209 4400 libello
1223 4329 1401 4425 proposita
1413 4329 1588 4421 ignorare
1605 4328 1793 4426 etprcstito
1803 4328 1907 4421 juxta

497 4462 653 4525 tenorem
676 4446 864 4546 imperialis
887 4449 1143 4524 constiurtionis
1161 4453 1359 4550 calumpnia
1378 4453 1590 4546 juramento,
1606 4453 1783 4550 predicare
1800 4452 1907 4524 trater

495 4573 685 4648 landulbrs
700 4583 905 4671 procurator
919 4571 1086 4672 syndicus
1094 4573 1154 4648 rel
1168 4585 1266 4648 notor
1280 4576 1516 4673 predictorum
1530 4577 1654 4650 damni
1665 4586 1703 4650 et
1712 4563 1906 4650 conventam

498 4717 537 4774 sc
550 4698 778 4796 prohemium
791 4697 919 4772 obtulit
935 4699 1031 4794 quod
1044 4701 1146 4794 juxta
1162 4697 1357 4796 predictum
1374 4699 1577 4774 mandatum
1594 4709 1825 4797 proposuerat
1841 4719 1906 4794 per
