4310 5908
480 621 541 684 '152
960 625 1191 688 'atlantici
1215 623 1389 688 sacuam
1697 623 1780 702 [liar.
1798 623 1886 688 lata.

478 757 615 852 imperii
629 756 790 831 fidelibus
803 769 874 831 tam
889 759 1108 856 presentibus
1120 779 1226 853 quam
1242 757 1367 830 futuris
1381 757 1477 850 quod
1492 777 1572 830 cum
1585 779 1650 830 nos
1662 758 1709 832 M.
1728 757 1889 830 comitem

479 881 613 955 Goricie
629 881 795 954 dilectum
805 881 944 955 fidelem
956 893 1112 956 nostmm
1126 883 1345 977 capitaneum
1359 879 1460 953 Stirie
1472 879 1638 952 duximus
1650 879 1905 970 statuendum,

480 1026 602 1078 omnes
621 1007 854 1101 possessiones
870 1017 906 1080 et
925 1009 1042 1080 omnia
1060 1008 1153 1081 bona
1175 1028 1244 1100 que
1262 1003 1458 1102 patriarcba
1481 1003 1732 1098 Aquileiensis,
1758 1005 1890 1078 electus

480 1128 739 1222 Salzburgensis
772 1151 814 1202 ao
842 1130 902 1202 aiii
934 1132 1057 1226 prelati
1094 1129 1155 1224 qui
1187 1127 1292 1202 fidem
1323 1141 1359 1202 et
1389 1128 1611 1202 devotionem
1642 1128 1750 1200 nostri
1782 1127 1891 1200 nomi·

479 1251 535 1325 nis
549 1253 774 1345 abjurarunt,
792 1254 828 1325 in
846 1254 949 1326 Stiria
969 1265 1005 1327 et
1020 1255 1179 1327 sarniola
1195 1262 1315 1325 tenent
1334 1262 1368 1324 st
1384 1251 1582 1348 possident,
1600 1252 1646 1325 ad
1663 1272 1786 1323 manus
1808 1271 1889 1324 nos·

481 1386 552 1448 tras
576 1375 767 1471 recipiendi
790 1387 826 1448 et
848 1397 890 1449 ea
914 1377 1077 1451 omnibus
1100 1377 1252 1470 illisqui
1276 1376 1323 1450 ad
1343 1396 1404 1448 cor
1421 1375 1551 1449 reversi
1569 1375 1614 1448 ad
1630 1374 1833 1448 fidelitatem
1856 1384 1892 1447 et

480 1500 746 1572 servilianostra
761 1500 876 1574 redire
890 1523 979 1597 puro
990 1501 1095 1574 corde
1106 1499 1292 1588 voluerint,
1303 1499 1494 1592 obligandi,
1504 1498 1618 1572 eidem
1626 1498 1742 1572 comiti
1752 1499 1890 1594 plenam

480 1623 689 1698 contutimus
705 1633 934 1720 potestatem3
953 1623 1120 1719 quioquid
1134 1623 1229 1695 idem
1245 1644 1362 1696 comes
1379 1622 1424 1696 de
1438 1622 1602 1718 predictis
1617 1622 1891 1717 possessionibus

480 1759 517 1820 et
531 1747 633 1820 bonis
647 1747 826 1844 capiendis
844 1758 880 1820 et
896 1747 1096 1844 supradicto
1113 1747 1219 1820 modo
1238 1746 1435 1840 obligandis
1450 1747 1533 1820 lecit
1548 1748 1605 1819 vel
1621 1747 1658 1819 in
1678 1758 1781 1818 antea
1797 1747 1890 1820 leoe-

480 1872 539 1962 rit,
551 1882 663 1944 ratum
677 1882 713 1945 et
726 1869 865 1945 firmum
876 1871 1120 1946 inviolabiliter
1132 1869 1318 1944 habebitur
1334 1868 1424 1968 (sic).
1440 1870 1497 1943 Ad
1510 1872 1609 1963 cujus
1624 1870 1676 1943 rei
1688 1869 1889 1943 memoriam

481 2006 518 2070 et
534 1996 691 2070 stabilem
716 1994 916 2068 firmitatem
936 2018 1078 2092 presens
1094 1995 1260 2092 scriptum
1280 1994 1355 2068 lieri
1376 2006 1411 2067 ot
1427 1995 1618 2089 majestatis
1639 2005 1757 2070 nostre
1777 1994 1889 2088 sigillo

478 2138 643 2210 jussimus
659 2137 878 2188 commumrr.

529 2238 656 2312 Actum
682 2239 805 2332 Foffle,
837 2259 930 2312 anno
957 2237 1138 2311 Dominice
1164 2237 1411 2312 iucarnationis
1444 2237 1627 2312 millesimo
1653 2236 1890 2311 ducentesimo

482 2361 746 2459 quadragesimo
757 2383 875 2454 nono,
890 2382 1010 2434 mense
1026 2361 1200 2453 octobris,
1216 2370 1340 2434 octava
1357 2359 1559 2434 indictione.

686 2651 1046 2664 -α--ι--υ-η-
1056 2652 1235 2662 ...και-ιι-
1243 2653 1663 2665 -ι---σ--κ--ω--ι-σ-

320 2989 371 3020 „0
388 2953 423 3020 ,·
536 2916 768 3023 Friderious,
790 2913 1052 2998 Romanorum
1074 2913 1294 3022 imperator,
1315 2922 1465 3024 gratam
1481 2912 1599 2998 habet
1619 2913 1891 3024 obligationem

482 3075 550 3160 per
575 3049 753 3133 comitem
786 3047 949 3135 Goritiae
980 3047 1219 3156 capitaneum
1251 3071 1364 3131 suum
1391 3047 1432 3130 in
1458 3045 1583 3158 Styria
1609 3047 1656 3130 ll.
1687 3048 1817 3131 comiti
1843 3049 1892 3131 de

420 3191 424 3202 '
484 3182 716 3294 Ortemburg
734 3183 837 3291 apud
854 3179 1019 3290 Grazlnp
1041 3205 1110 3289 pro
1129 3179 1313 3263 sexcentis
1331 3178 1471 3262 marcis
1488 3179 1635 3291 argenti
1653 3179 1808 3263 iactam.

565 3381 659 3463 (Edit.
678 3400 728 3460 ap.
743 3381 868 3455 Causa,
885 3381 990 3444 Pontes
1007 3397 1066 3444 aar.
1088 3379 1251 3454 duellica,
1274 3380 1616 3458 diplomaturta,purs1,
1633 3400 1664 3458 p.
1681 3390 1729 3450 πο,
1747 3397 1787 3444 ex
1799 3385 1890 3462 orlgt·

600 3487 662 3550 null
685 3489 717 3548 tn
742 3489 823 3550 arob.
842 3487 1032 3565 Vindobon.;
1056 3492 1209 3548 memorat.
1229 3502 1279 3563 ap.
1301 3485 1466 3562 Bonum,
1487 3486 1601 3568 licoat.
1623 3487 1740 3568 imper..
1763 3506 1793 3566 p.
1817 3497 1889 3570 2⁰9,

601 3591 751 3674 mnae)
1599 3625 1603 3633 -

531 3765 725 3842 Fridericus
739 3765 802 3838 Dei
815 3766 925 3859 gratia
942 3763 1177 3838 Romanorum
1196 3765 1384 3861 imperator
1398 3785 1537 3861 semper
1551 3777 1740 3858 augustus,
1753 3767 1891 3840 Jerusa-

483 3892 553 3965 lem
573 3901 609 3964 et
623 3889 737 3963 Sicilie
763 3911 842 3962 rex.
867 3890 934 3962 Per
952 3909 1095 3984 presens
1117 3887 1284 3984 scriptum
1300 3898 1420 3960 notum
1444 3886 1520 3960 lieri
1543 3890 1705 3962 volumus
1721 3890 1893 3964 universis

483 4014 619 4113 imperii
635 4011 795 4086 fidelibus
813 4023 884 4085 tam
906 4011 1125 4108 presentibus
1140 4033 1245 4105 quam
1271 4011 1395 4084 futuris
1415 4011 1510 4106 quod
1532 4033 1612 4084 cum
1628 4034 1692 4084 nos
1709 4014 1756 4086 M.
1775 4014 1892 4088 comiti

483 4139 613 4214 Goritie
633 4136 817 4233 capitaneo
835 4135 950 4226 Stirie,
966 4135 1095 4208 dilecto
1105 4133 1200 4208 lideli
1217 4144 1349 4227 nostro,
1366 4134 1544 4227 obligandi
1560 4135 1604 4207 de
1619 4135 1893 4232 possessionibus

484 4264 612 4339 nostris
640 4263 676 4334 in
699 4260 801 4336 Stiria
827 4269 865 4332 et
885 4259 1042 4332 Camiola
1068 4281 1133 4355 pro
1158 4259 1306 4332 servitiis
1333 4258 1461 4331 nostris
1487 4260 1625 4355 plenam
1646 4263 1892 4334 contulerimus

485 4396 712 4486 potestatem,
737 4381 984 4476 obligationem
1013 4383 1139 4455 iactam
1168 4403 1232 4478 per
1256 4381 1418 4455 eumdem
1445 4383 1607 4455 comitem
1630 4383 1672 4455 fl.
1701 4385 1818 4457 comiti
1847 4387 1891 4458 de

485 4506 715 4586 Ortemburcb
737 4507 865 4581 dilecto
880 4504 975 4579 iideli
990 4515 1109 4580 nostro
1130 4505 1226 4601 apud
1241 4505 1389 4602 Grazlop
1409 4502 1463 4604 (l)
1487 4528 1551 4602 pro
1576 4507 1750 4580 sexcentis
1768 4507 1892 4582 marcis

523 4733 559 4809 (t)
577 4731 706 4807 Groulup
719 4731 746 4788 in
758 4729 937 4790 Naustadensi
951 4730 1074 4804 regione,
1089 4729 1115 4792 in
1129 4727 1280 4787 Karintbia.
