4306 5914
222 661 323 724 lmcr.
341 663 388 738 'i-]
666 659 865 721 HISTORIA
890 660 1189 724 llleObill'l'lGll.
1570 663 1634 726 659

224 797 319 870 tione
345 792 563 884 munificam,
591 792 654 866 sed
677 794 748 868 alta
771 791 1019 866 beneficiorum
1042 795 1226 868 collatione
1250 793 1468 889 magnificam
1483 796 1585 870 decet
1600 807 1636 870 et

224 918 369 1014 expedit
385 916 546 1008 inveniri,
564 926 606 990 ut
620 917 915 1011 quemadmodum
933 918 1107 1014 principes
1122 919 1210 992 alios
1226 929 1299 992 tum
1314 919 1448 992 bonore
1470 931 1542 992 tum
1558 920 1636 1015 opi-

221 1044 290 1116 bus
298 1043 441 1115 excellit
455 1042 492 1113 in
508 1041 623 1133 bonis,
641 1042 691 1114 sic
707 1042 800 1136 ipsos
816 1041 1067 1116 cousuetudine
1083 1044 1178 1136 regia
1197 1053 1234 1117 et
1248 1045 1400 1138 quadam
1418 1045 1637 1118 animositate

221 1165 390 1262 precipua
406 1165 627 1240 transcendat
639 1165 677 1236 in
690 1166 805 1240 donis.
823 1167 1015 1261 liapropter
1027 1185 1091 1261 per
1105 1187 1249 1262 presens
1264 1167 1483 1263 privilegium
1498 1169 1637 1242 noverit

222 1300 294 1364 tam
312 1311 458 1386 presens
474 1299 549 1364 etas
563 1312 670 1385 quam
685 1309 886 1364 successura
903 1290 1086 1384 posteritas
1101 1291 1197 1384 quod
1212 1311 1277 1364 uos
1291 1291 1510 1364 attendentes
1526 1292 1634 1366 devo·

110 1421 113 1428 '
221 1414 327 1487 tionis
346 1425 382 1487 et
400 1413 483 1486 fidei
506 1435 594 1509 pure
609 1415 722 1486 zelum
743 1435 847 1506 quem
867 1413 1070 1486 Thomasius
1085 1415 1130 1486 de
1148 1415 1322 1488 Sabaudia
1341 1437 1472 1505 comes,
1487 1416 1637 1490 dilectus

222 1536 503 1630 consanguineus
517 1547 552 1608 et
564 1535 678 1608 fidelis
700 1547 832 1626 noster,
853 1535 960 1608 babet
978 1555 1062 1628 erga
1078 1537 1274 1628 majestatis
1296 1546 1414 1608 nostre
1429 1557 1631 1631 personam,

222 1661 484 1734 considerantes
507 1661 611 1732 etiam
633 1659 778 1752 grandia
804 1647 838 1732 e't
860 1669 1004 1756 accepta
1027 1661 1168 1732 servitia
1187 1682 1257 1754 que
1281 1669 1350 1730 tam
1371 1660 1636 1754 predecessores

222 1785 299 1878 ejus
320 1807 429 1878 quam
452 1785 527 1880 ipse
550 1784 641 1858 divis
664 1784 820 1877 augustis
843 1784 1123 1880 progenitoribus
1145 1783 1272 1856 nostris
1288 1779 1338 1880 [et
1358 1781 1472 1881 nobis]
1486 1781 1636 1857 fideliter

221 1908 413 2003 prestitisse
434 1918 624 1980 nosctmtur
638 1903 701 2005 [et]
719 1907 814 1980 idem
830 1906 1031 1980 Thomasius
1049 1905 1202 1980 fideliter
1217 1905 1362 1980 exhibet
1375 1908 1412 1978 in
1428 1909 1582 2003 presenti
1599 1917 1636 1981 et

222 2032 392 2106 exbibete
402 2032 532 2129 poterit
543 2033 580 2104 in
593 2041 697 2106 antea
709 2033 874 2125 mucra,
888 2031 1104 2127 Canapitium
1115 2051 1195 2103 cum
1205 2030 1410 2121 bonoribus,
1420 2031 1632 2124 bominibus,

218 2157 370 2249 juribus,
384 2156 695 2250 jurisdictionibus,
715 2156 884 2251 pedagiis,
905 2154 1110 2251 plateaticis,
1129 2154 1351 2246 molendinis,
1368 2157 1492 2246 furuis,
1507 2177 1634 2250 argen-
1715 2233 1717 2238 ,
1774 2243 1778 2256 ⁸

222 2281 331 2371 tariis,
342 2280 508 2374 angariis,
519 2279 746 2375 perangariis,
760 2280 840 2368 viis,
852 2279 988 2375 plateis,
1005 2279 1148 2351 coloniis
1163 2277 1253 2376 (sic),
1266 2280 1454 2372 regalibus,
1472 2281 1635 2354 omnibus

222 2404 511 2498 possessionibus,
532 2403 634 2476 terris
647 2403 750 2474 cultis
763 2413 797 2474 et
811 2403 965 2492 incultis,
985 2403 1098 2495 aquis,
1113 2423 1282 2495 aquarum
1291 2403 1511 2494 decursibus,
1523 2404 1634 2493 silvis,

219 2529 370 2622 pascuis,
378 2528 635 2618 venationibus,
645 2527 907 2622 piscationibus,
918 2527 1277 2599 rationibusomnibus
1285 2538 1320 2600 et
1332 2527 1550 2622 pertinentiis
1561 2531 1633 2602 suis

222 2652 346 2745 quoda
364 2651 527 2724 demanio
543 2651 578 2722 in
594 2650 795 2722 demanium
809 2659 844 2721 et
860 2671 928 2744 quc
945 2651 1145 2723 deservitio
1162 2651 1197 2720 iu
1214 2651 1406 2741 servitium,
1421 2651 1534 2724 eidem
1546 2653 1634 2726 Tho·

222 2775 332 2848 masio
349 2785 385 2847 et
404 2773 484 2846 liliis
499 2775 570 2848 suis
584 2774 765 2866 utriusque
782 2796 887 2846 sexus
903 2775 948 2846 ab
965 2797 1007 2846 eo
1025 2774 1176 2866 legitime
1197 2775 1488 2847 descendentibus
1504 2778 1539 2847 in
1554 2801 1632 2872 per-

223 2911 366 2994 petuum
382 2899 418 2969 in
434 2908 567 2970 rectum
587 2897 730 2970 feudum
748 2897 793 2969 de
810 2897 949 2992 speciali
966 2900 1074 2989 gratia
1092 2907 1127 2969 et
1140 2921 1187 2969 ex
1200 2909 1294 2970 certa
1310 2899 1452 2970 scientia
1468 2901 1633 2972 duximus

224 3023 503 3113 concedendum
513 3023 561 3094 ita
573 3031 687 3095 tamen
701 3021 796 3116 quod
810 3017 908 3119 [tam]
919 3021 993 3116 ipse
1007 3043 1112 3114 quam
1126 3021 1271 3094 heredes
1284 3023 1337 3094 sui
1351 3022 1506 3118 predicta
1516 3025 1632 3096 omnia

222 3147 362 3220 anobis
384 3157 418 3219 et
442 3146 697 3218 successoribus
720 3145 844 3218 nostris
865 3144 901 3214 iu
924 3143 1069 3239 imperio
1090 3143 1287 3217 immediate
1310 3153 1451 3217 teneant
1472 3155 1507 3217 et
1527 3147 1631 3218 etiam

223 3280 473 3364 recognoscant
488 3291 528 3342 ae
544 3269 588 3342 de
609 3269 658 3341 eis
675 3265 792 3340 debita
813 3277 850 3340 et
869 3277 1033 3340 consueta
1050 3266 1190 3342 servitia
1209 3269 1322 3342 lacere
1339 3279 1534 3341 teneantur.
1553 3267 1630 3342 Sta·⁶

223 3393 352 3468 luimus
368 3406 404 3468 et
421 3393 590 3490 imperiali
605 3391 778 3465 sancimus
795 3391 909 3465 edicto
926 3393 1089 3486 quatinus
1102 3395 1219 3465 nullus
1233 3393 1321 3484 dux,
1335 3393 1451 3466 nullus
1462 3393 1627 3488 marchio,

222 3518 339 3592 nullus
354 3539 483 3608 comes,
502 3517 618 3590 nullus
633 3515 782 3591 vicarius
798 3527 858 3589 aut
873 3519 1087 3612 capitaneus,
1101 3517 1218 3589 nullus
1230 3527 1383 3613 potestas
1394 3520 1449 3591 vel
1462 3537 1630 3610 comune,

222 3646 339 3715 nullus
354 3646 530 3739 prelatuS,
551 3644 647 3715 nulla
660 3643 811 3735 denique
826 3644 896 3713 alta
910 3663 1058 3736 persona
1073 3643 1129 3713 vel
1147 3642 1309 3732 humilis,
1325 3643 1557 3715 ecclesiastica
1573 3637 1631 3716 vel

221 3769 398 3860 secularis,
428 3768 622 3864 predictum
647 3767 868 3839 Thomasium
896 3776 931 3838 et
954 3766 1101 3837 heredes
1124 3788 1204 3838 suos
1227 3768 1263 3836 iu
1292 3766 1361 3839 fide
1386 3778 1421 3839 et
1445 3767 1630 3840 devotione

222 3902 340 3965 nostra
360 3891 583 3987 persistentes
606 3901 725 3963 contra
749 3889 851 3982 hujus
872 3887 1104 3962 concessionis
1123 3899 1239 3961 nostre
1257 3887 1403 3961 formam
1420 3914 1525 3987 super
1542 3899 1631 3963 terra

222 4015 297 4109 ipsa
317 4016 362 4088 de
384 4024 501 4087 cetero
521 4023 650 4086 temere
669 4013 837 4107 impedire
858 4014 915 4085 vel
931 4016 1115 4086 molestare
1136 4025 1325 4109 presumat.
1346 4015 1447 4100 Quod
1468 4016 1528 4108 qui
1551 4037 1629 4109 pre·

223 4139 407 4234 sumpserit
416 4148 532 4234 preter
541 4138 930 4230 indignationemnostri
943 4139 1103 4208 culminis
1116 4160 1221 4230 quam
1238 4138 1406 4227 incurret,
1426 4139 1519 4211 mille
1539 4161 1629 4210 mar-

224 4285 280 4335 cas
301 4264 437 4358 argenti
453 4285 490 4334 se
506 4284 570 4358 pro
586 4283 676 4357 pena
692 4262 962 4356 compositurum
978 4270 1155 4353 agnoscat,
1179 4262 1364 4334 medietate
1381 4264 1531 4358 ipsarum
1546 4262 1630 4335 fisco

223 4397 341 4461 nostro
358 4397 393 4458 et
410 4387 543 4479 reliqua
565 4385 752 4467 medietate
773 4383 882 4479 passis
903 4385 1064 4477 injuriam
1084 4383 1303 4479 applicanda.
1325 4385 1378 4458 Ad
1396 4385 1498 4478 hujus
1514 4387 1630 4479 itaque

224 4509 452 4582 concessionis
466 4515 501 4579 et
511 4507 621 4601 gratie
630 4519 745 4580 nostre
757 4506 958 4578 memoriam
975 4515 1010 4578 et
1024 4505 1131 4578 robur
1143 4517 1313 4603 perpetuo
1330 4511 1528 4600 valiturum,
1549 4531 1630 4605 pre·

172 4677 174 4686 ·
225 4655 301 4705 sens
324 4631 540 4728 privilegium
564 4651 627 4726 per
647 4629 826 4702 Nicolaum
852 4629 895 4701 de
919 4628 1031 4702 llocca
1054 4631 1225 4702 doarium
1251 4643 1286 4703 et
1308 4627 1446 4704 fidelem
1473 4644 1630 4705 nostrum

226 4757 325 4828 scribi
339 4766 375 4828 et
390 4756 502 4849 sigillo
518 4755 707 4847 majestatis
723 4764 839 4826 nostre
850 4754 1012 4846 jussimus
1031 4755 1248 4827 communiri.
