4318 5904
528 614 592 678 926
1082 607 1393 674 abundaturam.

530 749 615 842 quia
633 769 698 822 nco
722 769 802 820 cum
825 746 898 819 istis
923 747 983 842 qui
1002 757 1174 820 venerant
1194 756 1310 837 erant,
1329 768 1395 818 nec
1408 765 1473 840 pro
1492 745 1701 840 imperatore
1716 741 1945 838 pugnabant,

533 872 596 944 sed
624 873 795 945 sedebant
814 871 975 966 trapezite
996 872 1069 944 sive
1094 893 1292 967 campsores
1308 869 1353 942 ad
1369 869 1543 941 teloneum
1560 889 1681 956 suum,
1697 877 1732 938 et
1744 866 1803 938 alii
1819 864 1939 938 artiste

532 1018 604 1069 non
628 995 848 1068 dimittebant
868 1004 1011 1090 propter
1036 993 1103 1067 boc
1123 995 1208 1089 quin
1233 1000 1461 1090 operarentur
1474 992 1509 1063 in
1525 990 1731 1064 stationibus
1749 990 1837 1080 suis,
1853 989 1937 1062 acsi

531 1119 617 1191 nibil
633 1128 737 1192 esset.
755 1119 908 1214 Septima
922 1119 1011 1190 ratio
1024 1127 1078 1190 est
1090 1119 1174 1211 quia
1187 1118 1323 1191 nobiles
1336 1127 1371 1189 et
1385 1125 1544 1213 potentes
1557 1116 1618 1210 qui
1632 1123 1732 1188 erant
1746 1114 1782 1186 in
1798 1114 1938 1188 civiate

532 1253 691 1338 exparte
707 1243 862 1338 imperii,
880 1243 1014 1334 statim,
1031 1243 1151 1314 relicta
1167 1243 1324 1334 civitate,
1342 1239 1556 1314 diffuderunt
1568 1263 1606 1312 se
1624 1261 1687 1335 per
1700 1238 1937 1335 episcopatum

530 1367 577 1440 ad
594 1376 706 1440 castra
722 1366 756 1438 in
776 1366 994 1438 fortitudines
1007 1388 1104 1458 suas,
1123 1365 1282 1438 timentes
1297 1387 1357 1438 eas
1368 1365 1538 1438 amittere.
1552 1365 1682 1437 Octava
1691 1363 1778 1436 ratio
1791 1371 1844 1434 est
1856 1362 1939 1456 quia

531 1492 636 1564 etiam
657 1489 860 1563 Theutonici
875 1476 1097 1585 imperatoris
1112 1487 1293 1562 audientes
1313 1489 1396 1583 quia
1413 1498 1566 1584 potestas
1578 1487 1701 1560 Parme
1718 1497 1794 1560 erat
1806 1487 1853 1558 ab
1864 1487 1939 1560 isus

530 1615 686 1706 occisus,
718 1615 877 1686 timentes
900 1613 1008 1705 mori,
1038 1613 1233 1687 invitabant
1253 1615 1338 1686 istos
1355 1624 1395 1685 ut
1413 1610 1555 1708 pacifice
1570 1612 1769 1685 decivitate
1785 1613 1940 1684 lacerent

530 1738 702 1832 quidquid
711 1737 959 1811 vellentldem
969 1738 1074 1810 etiam
1085 1739 1243 1810 lecerunt
1256 1735 1418 1811 custodes
1430 1736 1550 1809 Palatii
1563 1735 1756 1808 communis
1769 1746 1805 1807 et
1818 1734 1935 1826 turris,

531 1863 631 1957 quasi
661 1865 731 1936 duo
762 1885 862 1956 reges
893 1865 1034 1935 luerunt
1058 1862 1220 1935 dominus
1248 1863 1416 1934 Henricus
1432 1864 1552 1952 Testa,
1576 1861 1883 1954 potestasPanne,
1903 1871 1940 1932 et

529 1988 694 2061 dominus
713 1987 896 2059 Bartholns
922 1985 1169 2077 Tabernerius,
1194 1987 1255 2080 qui
1279 2007 1344 2081 pro
1369 1987 1577 2080 imperatore
1593 1993 1668 2056 erat
1685 1985 1888 2079 capitaneus
1902 1985 1937 2056 in

530 2113 654 2184 Parma
668 2112 776 2206 partis
789 2112 937 2206 imperii.
956 2111 1056 2182 Nona
1069 2111 1156 2183 ratio
1170 2119 1224 2182 est
1240 2111 1323 2203 quia
1344 2110 1533 2182 maximum
1554 2109 1740 2204 sperabant
1758 2108 1793 2179 in
1813 2107 1936 2202 hujus·

530 2235 626 2309 modi
653 2236 807 2308 adversis
832 2234 962 2307 habere
985 2234 1155 2306 auxilium
1178 2259 1188 2304 t
1218 2233 1331 2329 primo
1353 2255 1374 2306 a
1395 2254 1486 2328 papa
1501 2232 1702 2304 Innocentio
1718 2242 1861 2326 quarto,
1876 2233 1935 2327 qui

529 2361 659 2432 multos
687 2359 900 2454 propinquos
921 2369 956 2431 et
978 2359 1099 2431 affines
1121 2358 1273 2430 habebat
1296 2359 1330 2430 in
1356 2360 1499 2449 Parma,
1522 2366 1558 2429 et
1580 2357 1662 2450 quia
1678 2358 1800 2429 Parma
1816 2367 1938 2429 contra

529 2482 791 2577 imperatorem,
813 2484 990 2555 inimicum
1007 2504 1130 2572 suum,
1155 2504 1311 2577 pugnare
1326 2483 1467 2555 volebat
1481 2491 1516 2552 et
1527 2482 1602 2573 jam
1613 2479 1836 2553 inchoaverat
1849 2503 1938 2575 pug-

528 2627 632 2695 nam,
665 2606 820 2680 secundo
844 2629 865 2680 a
888 2607 1052 2699 Gregorio
1071 2607 1115 2680 de
1138 2609 1380 2699 Montelongo,
1406 2607 1443 2678 in
1465 2605 1670 2678 lombardia
1701 2607 1834 2696 legato,
1878 2605 1937 2699 qni

529 2730 717 2802 Mediolani
740 2739 814 2801 erat
838 2739 979 2824 paratus
1002 2731 1123 2803 venire
1147 2753 1226 2802 eum
1251 2729 1394 2802 domino
1415 2729 1592 2802 Bernardo
1609 2728 1756 2802 Rolandi
1769 2728 1880 2800 Rubei
1893 2729 1938 2800 de

529 2853 671 2942 Parma,
688 2863 835 2946 cognato
857 2853 990 2926 domini
1011 2875 1102 2949 pape
1122 2853 1313 2925 iunocentii
1328 2853 1463 2948 quarti,
1479 2862 1515 2924 et
1530 2875 1609 2924 oum
1622 2852 1938 2925 Mediolanensibus

530 2978 738 3071 quibuscum
755 2976 802 3074 (l)
819 2978 1013 3050 mitteretur
1025 3000 1088 3073 pro
1102 2978 1172 3069 eis3
1191 2978 1292 3050 tertio
1310 2998 1331 3048 a
1347 2976 1567 3068 Placentinis,
1582 2985 1637 3048 eto
1640 3029 1933 3048 ........

580 3101 663 3172 Cum
678 3100 784 3193 igitur
796 3101 949 3174 audisset
960 3122 1025 3173 rex
1038 3102 1209 3190 Hencius,
1222 3100 1283 3194 qui
1301 3121 1380 3172 cum
1396 3100 1684 3172 Cremonensibus
1698 3109 1773 3172 erat
1790 3100 1826 3170 in
1842 3099 1936 3172 obsi·

530 3222 636 3296 dione
659 3223 846 3312 Quinzani,
871 3224 966 3318 quod
991 3223 1178 3296 forbanniti
1202 3223 1419 3319 imperatoris
1441 3222 1549 3317 patris
1573 3222 1627 3296 sui
1649 3222 1710 3316 qui
1733 3221 1937 3295 babitabant

531 3346 726 3437 Placentie,
744 3348 915 3420 violenter
927 3349 1084 3420 Parmam
1111 3347 1313 3436 intrassent,
1345 3347 1511 3420 dissolute
1540 3356 1621 3418 sunt
1648 3367 1771 3418 manus
1791 3348 1885 3439 ejus,
1901 3355 1937 3420 ct

531 3469 674 3542 dimissa
689 3470 870 3543 obsidione
885 3471 1074 3561 Quinzani,
1093 3470 1269 3542 festinavit
1290 3479 1325 3541 et
1338 3471 1434 3542 venit
1451 3480 1521 3543 tota
1535 3479 1637 3542 nocte
1653 3491 1725 3542 non
1740 3469 1932 3560 cantando,

531 3592 596 3664 sed
611 3593 677 3664 sub
691 3593 827 3666 silentio
842 3594 1081 3686 gemebundo,
1102 3593 1209 3666 veluti
1233 3613 1312 3666 cum
1334 3594 1509 3666 exercitus
1530 3604 1610 3691 post
1636 3594 1753 3686 lugam
1773 3595 1863 3666 solet
1879 3615 1934 3666 re·

529 3716 622 3788 verti
638 3716 682 3789 de
698 3717 804 3790 bello.
823 3717 1028 3790 Habitabam
1043 3727 1126 3789 tunc
1138 3717 1301 3812 temporis
1316 3718 1351 3788 in
1365 3728 1540 3790 conventu
1555 3719 1741 3810 Cremone,
1761 3718 1798 3788 in
1813 3717 1936 3790 ordine

529 3840 677 3912 fratmm
700 3841 891 3931 minorum,
920 3843 1002 3937 quia
1028 3843 1135 3913 frater
1153 3841 1266 3914 minor
1286 3863 1400 3933 eram,
1419 3851 1454 3914 et
1467 3842 1546 3914 ideo
1560 3843 1689 3938 optime
1706 3842 1855 3934 cognovi
1871 3840 1936 3914 hec

533 3962 652 4035 omnia
666 3961 732 4060 (l).
756 3964 844 4036 Nam
869 3986 1004 4036 summo
1027 3965 1180 4036 diluculo
1206 3964 1320 4036 statim
1337 3966 1479 4036 luerunt
1493 3966 1741 4038 Cremonenses
1759 3986 1838 4037 cum
1855 3985 1937 4058 rege

535 4086 667 4158 Henoio
684 4087 721 4158 in
737 4087 880 4160 consilio
896 4087 1097 4180 congregati
1111 4097 1147 4160 et
1165 4110 1275 4182 usque
1291 4087 1337 4160 ad
1352 4088 1551 4162 altissimam
1568 4090 1703 4162 tertiam
1719 4089 1805 4162 illud
1820 4088 1935 4162 consb

567 4419 606 4492 (t)
625 4420 768 4478 Nescimus
780 4437 813 4478 ex
822 4421 880 4495 ipso
890 4420 1045 4478 Salimbenii
1061 4423 1212 4480 testimonio
1221 4422 1294 4479 hunc
1307 4422 1396 4479 virum
1409 4422 1501 4480 relicta
1514 4423 1642 4480 &emona
1654 4424 1778 4481 Parmam
1795 4439 1825 4480 sa
1838 4429 1935 4480 nontu-

533 4513 600 4572 lisse
609 4531 670 4572 cum
679 4517 735 4588 jam
746 4517 849 4574 obsidio
859 4517 1030 4590 incoepisset,
1042 4523 1070 4574 et
1079 4525 1171 4591 postea
1181 4519 1241 4575 inde
1254 4519 1351 4576 exiisse
1363 4525 1394 4575 ut
1402 4519 1453 4576 iret
1461 4519 1629 4591 Lugdunum,
1640 4520 1686 4576 nbi
1700 4536 1761 4577 cum
1772 4521 1844 4594 Papa
1855 4534 1935 4592 quem

532 4611 646 4668 anxium
658 4613 770 4684 invenit,
785 4614 858 4670 solus
876 4629 938 4671 oum
952 4613 1009 4671 solo
1021 4614 1208 4673 contabulatas
1220 4621 1273 4673 est.
1288 4615 1402 4674 Advenit
1415 4621 1505 4675 autom
1518 4617 1675 4690 Lugdunum
1688 4617 1715 4674 in
1729 4617 1797 4676 lesto
1809 4617 1934 4675 Omnium

531 4707 703 4782 Sanctorum,
716 4709 797 4784 hujus
808 4710 881 4768 anni.
