4310 5908
518 584 580 647 rea
1015 585 1229 650 carnanter
1254 585 1427 650 succum
1734 585 1817 666 [aa.
1834 587 1922 652 nso

520 719 859 812 tioneatqnecontra
869 721 1077 796 articulatae
1088 733 1313 821 procuratore
1323 721 1480 815 ejusdem
1494 721 1633 794 ἀοωὶιιο
1643 721 1920 796 continebantur.

519 843 607 916 nisti
625 863 711 916 vero
725 844 995 938 reintegratorea
1008 848 1054 922 ad
1070 850 1238 941 majorem
1255 845 1427 920 mutulam
1442 845 1699 942 inquisitionem
1719 868 1827 942 anper
1846 867 1924 942 pra-

520 965 621 1039 dictia
637 965 806 1058 iecerunt,
831 976 869 1040 et
883 979 966 1042 ante
981 981 1180 1066 aperturam
1194 970 1303 1064 ipsius
1317 969 1421 1042 citato
1437 968 1578 1041 domino
1589 969 1714 1041 Euticu
1730 979 1770 1041 ut
1784 990 1924 1065 compa·

520 1100 614 1162 reret
640 1111 757 1164 coram
780 1091 831 1166 eis
857 1093 938 1185 jura
962 1104 997 1166 et
1020 1095 1176 1168 actiones
1195 1091 1279 1166 dicti
1305 1093 1508 1166 caemeterii
1530 1102 1745 1185 ostensauua,
1759 1095 1924 1188 quianon

520 1215 716 1310 comparuit
731 1215 767 1286 in
782 1217 931 1290 termino
942 1218 1008 1292 sibi
1023 1219 1119 1310 dato,
1140 1219 1247 1291 citare
1263 1217 1422 1291 iecerunt
1439 1216 1923 1290 dictosabbatemetconven·

522 1349 595 1411 tum
628 1348 670 1410 ut
701 1359 782 1410 curn
811 1340 1002 1434 privilegiis
1028 1351 1065 1414 et
1090 1341 1351 1414 defensionibus
1377 1339 1461 1414 dicti
1495 1339 1694 1412 nonasterii
1724 1349 1926 1436 procurator

521 1462 677 1536 sindicus
691 1463 748 1534 vel
763 1473 860 1536 actor
877 1485 994 1537 coram
1011 1465 1112 1537 eisin
1127 1463 1259 1558 jndicio
1276 1473 1505 1561 compareret.
1522 1463 1654 1550 Quibus
1669 1463 1810 1536 minime
1826 1483 1925 1536 com-

521 1587 727 1681 parentibus
740 1607 807 1659 nec
826 1609 891 1682 per
907 1599 1166 1684 procuratorem
1185 1589 1358 1662 sindicum
1375 1589 1431 1661 rel
1451 1597 1603 1660 actorem
1620 1607 1686 1659 nec
1703 1597 1847 1660 cunoeoe
1862 1605 1926 1660 nac

520 1711 673 1805 aliquem
690 1713 749 1805 qui
767 1712 891 1784 saltem
908 1733 1028 1784 eorum
1042 1714 1234 1786 absentiam
1244 1723 1442 1802 excusaret,
1459 1712 1612 1784 munnae
1629 1712 1787 1807 predicte
1801 1729 1926 1808 prum

521 1843 637 1906 ratore
665 1833 757 1906 dicte
782 1831 923 1908 domine
948 1847 1125 1910 eteorum
1146 1837 1337 1909 absentiam
1352 1837 1547 1926 incusante,
1567 1835 1650 1908 dicti
1663 1836 1928 1929 reintegratum

521 1958 568 2032 de
587 1959 758 2032 baronum
780 1969 817 2032 et
838 1961 1117 2056 jurisperitorum
1143 1959 1302 2052 consilio,
1329 1961 1412 2054 quia
1443 1960 1488 2032 de
1511 1959 1704 2032 intentione
1735 1959 1821 2032 dicti
1845 1979 1926 2055 pro·

521 2081 691 2155 curatoris
724 2083 882 2174 ejusdem
910 2085 1050 2158 dominc
1087 2085 1139 2157 eis
1171 2086 1278 2180 plane
1304 2083 1461 2156 constitit
1487 2094 1561 2156 tun
1585 2105 1649 2179 per
1677 2083 1929 2156 oeniessionam

522 2206 605 2280 dicti
632 2207 763 2279 domini
793 2208 908 2280 Enrici
939 2229 1045 2302 qnam
1070 2231 1133 2304 per
1158 2207 1415 2302 inquisitionem
1440 2209 1489 2280 ab
1515 2205 1569 2280 eis
1595 2209 1737 2298 tactam,
1772 2207 1928 2303 predicta

522 2331 649 2402 casalia
665 2331 879 2404 Montiscalvi
896 2342 933 2404 et
946 2333 1126 2406 Tunnicuii
1141 2355 1222 2406 cunr
1242 2333 1460 2430 pertiuentiis
1477 2353 1598 2406 eorum
1615 2342 1867 2404 revocaverunt
1882 2332 1930 2404 ad

522 2455 723 2527 domanium
742 2456 826 2528 dicti
839 2458 942 2529 castri
958 2459 1116 2549 laureti,
1132 2457 1180 2530 ad
1197 2457 1448 2530 restitutionem
1460 2477 1581 2528 eorum
1594 2455 1705 2528 dictos
1718 2453 1882 2527 abbatem
1895 2464 1932 2528 et

522 2588 734 2650 conventum
763 2601 828 2674 pro
852 2591 950 2676 parte
969 2581 1051 2654 dicti
1070 2581 1268 2653 monsterii
1289 2591 1328 2653 et
1342 2581 1456 2676 ipsum
1478 2580 1724 2653 monasterinm
1749 2599 1814 2674 pro
1836 2577 1929 2650 dicto

522 2713 747 2800 procuratore
777 2705 870 2776 dicte
894 2705 1033 2778 domine
1058 2727 1121 2802 pro
1142 2715 1241 2802 parte
1259 2703 1367 2802 ipsius
1383 2716 1420 2778 et
1434 2705 1590 2799 ejusdem
1607 2703 1748 2778 domine
1766 2703 1930 2776 condem·

523 2837 660 2900 nantes.
680 2828 782 2913 Quod
805 2851 884 2900 cum
901 2829 1115 2925 peruenisset
1128 2829 1174 2903 ad
1190 2829 1347 2901 notitiam
1370 2829 1453 2901 dicti
1468 2829 1616 2918 tebbath,
1633 2826 1679 2900 ad
1696 2825 1805 2922 pedes
1822 2825 1930 2922 irnpe-

523 2952 647 3024 ratoris
663 2973 700 3025 sc
715 2953 860 3025 contulit
874 2963 910 3025 et
927 2955 975 3026 ab
993 2953 1116 3026 eodem
1133 2954 1179 3026 ad
1194 2953 1462 3047 reintegratoree
1477 2951 1618 3026 eosdem
1633 2951 1783 3024 obtinuit
1797 2951 1928 3022 litteras

525 3078 562 3148 in
578 3078 688 3148 forma
705 3077 898 3172 subscripta
916 3103 924 3148 :

574 3201 774 3275 fredericus
790 3203 852 3273 Dei
867 3201 978 3294 gratia
991 3201 1226 3274 Romanorum
1241 3200 1429 3296 imperator
1445 3207 1790 3295 superapparens,
1808 3175 1932 3268 Hiern-

524 3327 633 3397 aaiem
658 3335 694 3397 et
720 3326 835 3398 Sicilie
858 3347 945 3416 rex,
966 3325 1275 3418 reintegratoribns
1295 3325 1479 3397 feudorum
1495 3323 1531 3394 in
1552 3323 1752 3418 capitanata
1768 3317 1930 3392 fidelibus

524 3450 595 3520 suis
610 3451 757 3543 gratiam
776 3471 875 3521 suam
890 3459 925 3521 et
937 3449 1066 3521 bonam
1080 3449 1307 3521 voluntatem.
1327 3445 1489 3520 Porrecta
1500 3443 1642 3518 crimini
1657 3455 1778 3516 nostro
1795 3441 1931 3514 abbct'n

525 3583 563 3646 et
583 3583 774 3646 conventus
788 3575 915 3646 Sancte
939 3575 1046 3645 Elene
1065 3574 1185 3669 petitio
1207 3573 1409 3646 continebat
1429 3569 1525 3665 quod
1546 3591 1626 3643 curu
1640 3565 1930 3642 anacreontem

524 3697 717 3770 monachus
729 3698 886 3791 ejusdem
902 3697 1116 3787 monasterii,
1143 3706 1292 3770 statutus
1311 3705 1516 3792 procurator
1536 3695 1582 3766 ab
1599 3691 1724 3766 eodm
1743 3691 1870 3764 abbata
1895 3699 1931 3762 at

523 3831 720 3914 conventu,
740 3822 785 3894 ad
798 3831 948 3894 vestram
965 3822 1174 3918 presentiam
1190 3843 1229 3894 se
1244 3821 1431 3912 conferret,
1448 3818 1630 3916 privilegia
1645 3813 1930 3910 etaliaaacuipta·

524 3967 581 4018 ras
600 3956 636 4018 et
647 3949 727 4040 jura
744 3945 852 4041 ipsius
873 3945 1072 4018 monasterii
1089 3954 1291 4017 ostensurus
1309 3943 1427 4036 robis,
1445 3951 1549 4039 prout
1563 3941 1657 4014 idem
1669 3940 1781 4012 abbas
1794 3947 1830 4010 et
1844 3959 1928 4010 cun-

525 4082 652 4142 ventns
671 4072 810 4142 fuerant
823 4091 887 4164 pro
909 4079 1008 4164 parte
1025 4070 1123 4141 curie
1136 4078 1255 4141 nostre
1268 4069 1381 4157 citati,
1400 4068 1511 4139 Jubua
1528 4065 1573 4138 de
1589 4063 1751 4157 duginna
1767 4061 1930 4135 summm

527 4195 735 4266 monachum
756 4203 1014 4290 procuratorem
1034 4214 1154 4264 eornm
1168 4191 1262 4287 apud
1278 4192 1396 4265 casale
1412 4190 1550 4262 Novum
1564 4189 1648 4261 tecit
1659 4187 1787 4260 acriter
1804 4185 1930 4258 umbe·

526 4339 624 4411 rare;
642 4319 768 4391 deinde
778 4316 823 4389 ad
838 4318 1093 4410 suggestionem
1107 4317 1214 4412 ipsius
1227 4317 1319 4389 idem
1333 4323 1536 4411 procurator
1550 4313 1790 4406 coramjurato
1803 4307 1931 4382 Castalis

525 4443 614 4514 Novi
630 4443 674 4515 de
693 4441 876 4514 maledicto
891 4439 1105 4512 celsitudinis
1126 4450 1242 4512 nostre
1266 4439 1381 4512 extitit
1395 4447 1598 4528 accusatus,
1618 4444 1653 4507 et
1668 4445 1852 4530 propterea
1868 4451 1932 4527 per

524 4566 687 4639 eumdem
699 4566 854 4658 juratum
872 4572 993 4659 captus
1007 4573 1042 4634 et
1055 4563 1185 4636 carceri
1207 4562 1444 4659 mancipatus;
1459 4557 1709 4658 propterquod
1726 4556 1762 4629 in
1783 4555 1930 4628 termino

525 4689 591 4762 sibi
604 4688 739 4787 profixo
755 4710 870 4764 coram
888 4686 986 4761 vobis
1002 4706 1072 4758 non
1089 4685 1202 4781 potnit
1214 4706 1418 4782 comparere
1437 4705 1516 4756 ctam
1531 4682 1671 4777 juribus
1685 4678 1930 4753 stationibus
