<?xml version="1.0" encoding="UTF-8"?>
<!DOCTYPE html PUBLIC "-//W3C//DTD XHTML 1.0 Transitional//EN"
    "http://www.w3.org/TR/xhtml1/DTD/xhtml1-transitional.dtd">
<html xmlns="http://www.w3.org/1999/xhtml" xml:lang="en" lang="en">
 <head>
  <title>
</title>
<meta http-equiv="Content-Type" content="text/html;charset=utf-8" />
  <meta name='ocr-system' content='tesseract 3.04.00' />
  <meta name='ocr-capabilities' content='ocr_page ocr_carea ocr_par ocr_line ocrx_word'/>
</head>
<body>
  <div class='ocr_page' id='page_1' title='image "./historiadiploma00fredgoog/historiadiploma00fredgoog_0103.png"; bbox 0 0 4306 5914; ppageno 0'>
   <div class='ocr_carea' id='block_1_1' title="bbox 522 607 1928 700">
    <p class='ocr_par' dir='ltr' id='par_1_1' title="bbox 522 607 1928 700">
     <span class='ocr_line' id='line_1_1' title="bbox 522 607 1928 700; baseline 0.008 -31"><span class='ocrx_word' id='word_1_1' title='bbox 522 607 583 671; x_wconf 86' lang='grc'>638</span> <span class='ocrx_word' id='word_1_2' title='bbox 974 656 979 666; x_wconf 90' lang='grc'><strong>.</strong></span> <span class='ocrx_word' id='word_1_3' title='bbox 1021 609 1239 691; x_wconf 70' lang='lat' dir='ltr'>ruinnaldi</span> <span class='ocrx_word' id='word_1_4' title='bbox 1265 611 1438 677; x_wconf 72' lang='lat' dir='ltr'>sactum</span> <span class='ocrx_word' id='word_1_5' title='bbox 1738 614 1821 700; x_wconf 76' lang='lat' dir='ltr'>[Arot.</span> <span class='ocrx_word' id='word_1_6' title='bbox 1833 617 1928 680; x_wconf 67' lang='grc'>1248.</span> 
     </span>
    </p>
   </div>
   <div class='ocr_carea' id='block_1_2' title="bbox 518 743 1931 2083">
    <p class='ocr_par' dir='ltr' id='par_1_2' title="bbox 518 743 1931 2083">
     <span class='ocr_line' id='line_1_2' title="bbox 521 743 1931 847; baseline 0.006 -31"><span class='ocrx_word' id='word_1_7' title='bbox 521 743 664 817; x_wconf 87' lang='lat' dir='ltr'>arbitrio</span> <span class='ocrx_word' id='word_1_8' title='bbox 674 745 719 817; x_wconf 87' lang='lat' dir='ltr'>ab</span> <span class='ocrx_word' id='word_1_9' title='bbox 733 744 782 816; x_wconf 89' lang='lat' dir='ltr'>eis</span> <span class='ocrx_word' id='word_1_10' title='bbox 796 745 987 818; x_wconf 74' lang='lat' dir='ltr'>exactionis</span> <span class='ocrx_word' id='word_1_11' title='bbox 1000 747 1181 822; x_wconf 79' lang='lat' dir='ltr'>occasione</span> <span class='ocrx_word' id='word_1_12' title='bbox 1197 749 1383 842; x_wconf 81' lang='lat' dir='ltr'>requiritis,</span> <span class='ocrx_word' id='word_1_13' title='bbox 1394 749 1487 844; x_wconf 90' lang='lat' dir='ltr'>ipsos</span> <span class='ocrx_word' id='word_1_14' title='bbox 1498 769 1601 841; x_wconf 90' lang='lat' dir='ltr'>quam</span> <span class='ocrx_word' id='word_1_15' title='bbox 1611 749 1798 847; x_wconf 91' lang='lat' dir='ltr'>plurimum</span> <span class='ocrx_word' id='word_1_16' title='bbox 1808 773 1931 846; x_wconf 79' lang='lat' dir='ltr'>aggra-</span> 
     </span>
     <span class='ocr_line' id='line_1_3' title="bbox 521 867 1931 974; baseline 0.007 -34"><span class='ocrx_word' id='word_1_17' title='bbox 521 878 664 958; x_wconf 86' lang='lat' dir='ltr'>vantes,</span> <span class='ocrx_word' id='word_1_18' title='bbox 682 867 792 964; x_wconf 84' lang='lat' dir='ltr'>ipsam</span> <span class='ocrx_word' id='word_1_19' title='bbox 813 891 1038 966; x_wconf 88' lang='lat' dir='ltr'>compensare</span> <span class='ocrx_word' id='word_1_20' title='bbox 1054 873 1090 943; x_wconf 93' lang='lat' dir='ltr'>in</span> <span class='ocrx_word' id='word_1_21' title='bbox 1105 873 1262 969; x_wconf 88' lang='lat' dir='ltr'>predicta</span> <span class='ocrx_word' id='word_1_22' title='bbox 1277 874 1469 968; x_wconf 86' lang='lat' dir='ltr'>quantitate</span> <span class='ocrx_word' id='word_1_23' title='bbox 1490 875 1598 948; x_wconf 89' lang='lat' dir='ltr'>debiti</span> <span class='ocrx_word' id='word_1_24' title='bbox 1622 878 1801 950; x_wconf 78' lang='lat' dir='ltr'>recusatis.</span> <span class='ocrx_word' id='word_1_25' title='bbox 1819 880 1931 974; x_wconf 91' lang='lat' dir='ltr'>Super</span> 
     </span>
     <span class='ocr_line' id='line_1_4' title="bbox 521 993 1931 1096; baseline 0.007 -31"><span class='ocrx_word' id='word_1_26' title='bbox 521 1013 592 1085; x_wconf 90' lang='lat' dir='ltr'>quo</span> <span class='ocrx_word' id='word_1_27' title='bbox 605 1012 685 1064; x_wconf 91' lang='lat' dir='ltr'>cum</span> <span class='ocrx_word' id='word_1_28' title='bbox 699 993 763 1064; x_wconf 90' lang='lat' dir='ltr'>sibi</span> <span class='ocrx_word' id='word_1_29' title='bbox 777 995 1049 1091; x_wconf 86' lang='lat' dir='ltr'>supplicaverint</span> <span class='ocrx_word' id='word_1_30' title='bbox 1062 1018 1126 1092; x_wconf 92' lang='lat' dir='ltr'>per</span> <span class='ocrx_word' id='word_1_31' title='bbox 1140 1007 1295 1072; x_wconf 88' lang='lat' dir='ltr'>nostram</span> <span class='ocrx_word' id='word_1_32' title='bbox 1310 998 1550 1072; x_wconf 87' lang='lat' dir='ltr'>celsitudinem</span> <span class='ocrx_word' id='word_1_33' title='bbox 1565 1000 1758 1096; x_wconf 90' lang='lat' dir='ltr'>provideri,</span> <span class='ocrx_word' id='word_1_34' title='bbox 1771 1000 1931 1076; x_wconf 84' lang='lat' dir='ltr'>fidelitati</span> 
     </span>
     <span class='ocr_line' id='line_1_5' title="bbox 520 1117 1930 1222; baseline 0.008 -32"><span class='ocrx_word' id='word_1_35' title='bbox 520 1126 636 1190; x_wconf 90' lang='lat' dir='ltr'>vestre</span> <span class='ocrx_word' id='word_1_36' title='bbox 649 1117 873 1215; x_wconf 87' lang='lat' dir='ltr'>precipiendo</span> <span class='ocrx_word' id='word_1_37' title='bbox 885 1120 1092 1192; x_wconf 90' lang='lat' dir='ltr'>mandamus</span> <span class='ocrx_word' id='word_1_38' title='bbox 1108 1123 1284 1216; x_wconf 88' lang='lat' dir='ltr'>quatinus,</span> <span class='ocrx_word' id='word_1_39' title='bbox 1303 1125 1331 1195; x_wconf 88' lang='lat' dir='ltr'>si</span> <span class='ocrx_word' id='word_1_40' title='bbox 1345 1133 1399 1196; x_wconf 89' lang='lat' dir='ltr'>est</span> <span class='ocrx_word' id='word_1_41' title='bbox 1413 1123 1475 1216; x_wconf 91' lang='lat' dir='ltr'>ita,</span> <span class='ocrx_word' id='word_1_42' title='bbox 1490 1126 1548 1198; x_wconf 89' lang='lat' dir='ltr'>vel</span> <span class='ocrx_word' id='word_1_43' title='bbox 1565 1125 1720 1198; x_wconf 90' lang='lat' dir='ltr'>debitum</span> <span class='ocrx_word' id='word_1_44' title='bbox 1735 1127 1930 1222; x_wconf 89' lang='lat' dir='ltr'>predictum</span> 
     </span>
     <span class='ocr_line' id='line_1_6' title="bbox 520 1241 1931 1341; baseline 0.009 -29"><span class='ocrx_word' id='word_1_45' title='bbox 520 1241 556 1312; x_wconf 96' lang='lat' dir='ltr'>in</span> <span class='ocrx_word' id='word_1_46' title='bbox 575 1264 645 1336; x_wconf 92' lang='lat' dir='ltr'>qno</span> <span class='ocrx_word' id='word_1_47' title='bbox 662 1243 828 1338; x_wconf 86' lang='lat' dir='ltr'>predictis</span> <span class='ocrx_word' id='word_1_48' title='bbox 851 1246 969 1318; x_wconf 88' lang='lat' dir='ltr'>abbati</span> <span class='ocrx_word' id='word_1_49' title='bbox 987 1259 1022 1320; x_wconf 89' lang='lat' dir='ltr'>et</span> <span class='ocrx_word' id='word_1_50' title='bbox 1038 1249 1245 1341; x_wconf 89' lang='lat' dir='ltr'>conventui,</span> <span class='ocrx_word' id='word_1_51' title='bbox 1263 1249 1390 1321; x_wconf 92' lang='lat' dir='ltr'>nostris</span> <span class='ocrx_word' id='word_1_52' title='bbox 1407 1248 1586 1339; x_wconf 88' lang='lat' dir='ltr'>fidelibus,</span> <span class='ocrx_word' id='word_1_53' title='bbox 1606 1251 1771 1323; x_wconf 88' lang='lat' dir='ltr'>tenemini</span> <span class='ocrx_word' id='word_1_54' title='bbox 1790 1252 1931 1324; x_wconf 90' lang='lat' dir='ltr'>nomine</span> 
     </span>
     <span class='ocr_line' id='line_1_7' title="bbox 520 1343 1930 1471; baseline 0.008 -34"><span class='ocrx_word' id='word_1_55' title='bbox 520 1343 591 1438; x_wconf 86' lang='lat' dir='ltr'>ficti</span> <span class='ocrx_word' id='word_1_56' title='bbox 608 1367 797 1440; x_wconf 84' lang='lat' dir='ltr'>exsolvatis</span> <span class='ocrx_word' id='word_1_57' title='bbox 815 1368 960 1462; x_wconf 87' lang='lat' dir='ltr'>eisdem,</span> <span class='ocrx_word' id='word_1_58' title='bbox 978 1372 1034 1443; x_wconf 91' lang='lat' dir='ltr'>vel</span> <span class='ocrx_word' id='word_1_59' title='bbox 1052 1371 1087 1442; x_wconf 97' lang='lat' dir='ltr'>in</span> <span class='ocrx_word' id='word_1_60' title='bbox 1104 1394 1239 1444; x_wconf 87' lang='lat' dir='ltr'>summa</span> <span class='ocrx_word' id='word_1_61' title='bbox 1254 1373 1363 1468; x_wconf 88' lang='lat' dir='ltr'>ipsius</span> <span class='ocrx_word' id='word_1_62' title='bbox 1377 1374 1524 1468; x_wconf 90' lang='lat' dir='ltr'>pecunie</span> <span class='ocrx_word' id='word_1_63' title='bbox 1532 1397 1636 1467; x_wconf 92' lang='lat' dir='ltr'>quam</span> <span class='ocrx_word' id='word_1_64' title='bbox 1650 1375 1733 1471; x_wconf 90' lang='lat' dir='ltr'>ipsis</span> <span class='ocrx_word' id='word_1_65' title='bbox 1751 1377 1930 1448; x_wconf 90' lang='lat' dir='ltr'>annuatim</span> 
     </span>
     <span class='ocr_line' id='line_1_8' title="bbox 520 1491 1929 1594; baseline 0.006 -30"><span class='ocrx_word' id='word_1_66' title='bbox 520 1491 712 1564; x_wconf 87' lang='lat' dir='ltr'>exactionis</span> <span class='ocrx_word' id='word_1_67' title='bbox 725 1494 865 1566; x_wconf 92' lang='lat' dir='ltr'>nomine</span> <span class='ocrx_word' id='word_1_68' title='bbox 880 1495 1054 1589; x_wconf 88' lang='lat' dir='ltr'>requiritis</span> <span class='ocrx_word' id='word_1_69' title='bbox 1074 1496 1317 1591; x_wconf 88' lang='lat' dir='ltr'>compensetis.</span> <span class='ocrx_word' id='word_1_70' title='bbox 1334 1491 1497 1594; x_wconf 79' lang='lat' dir='ltr'>Alioquin</span> <span class='ocrx_word' id='word_1_71' title='bbox 1514 1521 1595 1570; x_wconf 89' lang='lat' dir='ltr'>ecce</span> <span class='ocrx_word' id='word_1_72' title='bbox 1608 1500 1705 1592; x_wconf 94' lang='lat' dir='ltr'>quod</span> <span class='ocrx_word' id='word_1_73' title='bbox 1719 1499 1867 1572; x_wconf 84' lang='lat' dir='ltr'>ilenrico</span> <span class='ocrx_word' id='word_1_74' title='bbox 1885 1500 1929 1572; x_wconf 90' lang='lat' dir='ltr'>de</span> 
     </span>
     <span class='ocr_line' id='line_1_9' title="bbox 519 1610 1928 1718; baseline 0.008 -31"><span class='ocrx_word' id='word_1_75' title='bbox 519 1614 670 1709; x_wconf 87' lang='lat' dir='ltr'>Rivello,</span> <span class='ocrx_word' id='word_1_76' title='bbox 688 1610 936 1713; x_wconf 79' lang='lat' dir='ltr'>saori&#39;imperii</span> <span class='ocrx_word' id='word_1_77' title='bbox 957 1641 979 1692; x_wconf 95' lang='lat' dir='ltr'>a</span> <span class='ocrx_word' id='word_1_78' title='bbox 1000 1621 1104 1717; x_wconf 88' lang='lat' dir='ltr'>Papia</span> <span class='ocrx_word' id='word_1_79' title='bbox 1130 1622 1288 1717; x_wconf 89' lang='lat' dir='ltr'>superius</span> <span class='ocrx_word' id='word_1_80' title='bbox 1310 1623 1439 1696; x_wconf 88' lang='lat' dir='ltr'>vicario</span> <span class='ocrx_word' id='word_1_81' title='bbox 1470 1624 1641 1717; x_wconf 78' lang='lat' dir='ltr'>generali,</span> <span class='ocrx_word' id='word_1_82' title='bbox 1672 1623 1767 1697; x_wconf 88' lang='lat' dir='ltr'>fideli</span> <span class='ocrx_word' id='word_1_83' title='bbox 1793 1635 1928 1718; x_wconf 89' lang='lat' dir='ltr'>nostro,</span> 
     </span>
     <span class='ocr_line' id='line_1_10' title="bbox 520 1739 1929 1842; baseline 0.006 -31"><span class='ocrx_word' id='word_1_84' title='bbox 520 1739 644 1813; x_wconf 89' lang='lat' dir='ltr'>damus</span> <span class='ocrx_word' id='word_1_85' title='bbox 660 1743 787 1815; x_wconf 89' lang='lat' dir='ltr'>nostris</span> <span class='ocrx_word' id='word_1_86' title='bbox 804 1742 929 1817; x_wconf 87' lang='lat' dir='ltr'>litteris</span> <span class='ocrx_word' id='word_1_87' title='bbox 949 1744 986 1818; x_wconf 93' lang='lat' dir='ltr'>in</span> <span class='ocrx_word' id='word_1_88' title='bbox 1003 1746 1178 1818; x_wconf 87' lang='lat' dir='ltr'>mandatis</span> <span class='ocrx_word' id='word_1_89' title='bbox 1197 1755 1237 1818; x_wconf 94' lang='lat' dir='ltr'>ut</span> <span class='ocrx_word' id='word_1_90' title='bbox 1251 1768 1316 1820; x_wconf 91' lang='lat' dir='ltr'>vos</span> <span class='ocrx_word' id='word_1_91' title='bbox 1332 1746 1430 1820; x_wconf 89' lang='lat' dir='ltr'>adid</span> <span class='ocrx_word' id='word_1_92' title='bbox 1452 1771 1522 1842; x_wconf 91' lang='lat' dir='ltr'>qua</span> <span class='ocrx_word' id='word_1_93' title='bbox 1540 1749 1706 1823; x_wconf 89' lang='lat' dir='ltr'>convenit</span> <span class='ocrx_word' id='word_1_94' title='bbox 1722 1748 1929 1822; x_wconf 88' lang='lat' dir='ltr'>cohercione</span> 
     </span>
     <span class='ocr_line' id='line_1_11' title="bbox 518 1866 716 1960; baseline 0.01 -23"><span class='ocrx_word' id='word_1_95' title='bbox 518 1866 716 1960; x_wconf 86' lang='lat' dir='ltr'>compellat.</span> 
     </span>
     <span class='ocr_line' id='line_1_12' title="bbox 566 1985 1557 2083; baseline 0.005 -25"><span class='ocrx_word' id='word_1_96' title='bbox 566 1985 692 2058; x_wconf 89' lang='lat' dir='ltr'>Datum</span> <span class='ocrx_word' id='word_1_97' title='bbox 707 1987 826 2082; x_wconf 85' lang='lat' dir='ltr'>Papia,</span> <span class='ocrx_word' id='word_1_98' title='bbox 843 1987 979 2063; x_wconf 90' lang='lat' dir='ltr'>decimo</span> <span class='ocrx_word' id='word_1_99' title='bbox 992 1998 1117 2064; x_wconf 90' lang='lat' dir='ltr'>octavo</span> <span class='ocrx_word' id='word_1_100' title='bbox 1127 1989 1219 2083; x_wconf 88' lang='lat' dir='ltr'>julii,</span> <span class='ocrx_word' id='word_1_101' title='bbox 1235 2003 1335 2066; x_wconf 84' lang='lat' dir='ltr'>sexte</span> <span class='ocrx_word' id='word_1_102' title='bbox 1348 1989 1557 2066; x_wconf 90' lang='lat' dir='ltr'>indictionis.</span> 
     </span>
    </p>
   </div>
   <div class='ocr_carea' id='block_1_3' title="bbox 313 2543 1947 2662">
    <p class='ocr_par' dir='ltr' id='par_1_3' title="bbox 313 2543 1947 2662">
     <span class='ocr_line' id='line_1_13' title="bbox 313 2543 1947 2662; baseline -0.004 -31"><span class='ocrx_word' id='word_1_103' title='bbox 313 2563 372 2650; x_wconf 56' lang='lat' dir='ltr'>,mg</span> <span class='ocrx_word' id='word_1_104' title='bbox 422 2612 466 2650; x_wconf 60' lang='lat' dir='ltr'>m,</span> <span class='ocrx_word' id='word_1_105' title='bbox 485 2633 493 2662; x_wconf 61' lang='lat'>‚</span> <span class='ocrx_word' id='word_1_106' title='bbox 572 2543 804 2655; x_wconf 88' lang='lat' dir='ltr'>Fridcricus,</span> <span class='ocrx_word' id='word_1_107' title='bbox 823 2546 1084 2632; x_wconf 86' lang='lat' dir='ltr'>Romanorum</span> <span class='ocrx_word' id='word_1_108' title='bbox 1103 2548 1323 2658; x_wconf 89' lang='lat' dir='ltr'>imperator,</span> <span class='ocrx_word' id='word_1_109' title='bbox 1342 2559 1476 2632; x_wconf 87' lang='lat' dir='ltr'>notum</span> <span class='ocrx_word' id='word_1_110' title='bbox 1495 2547 1585 2631; x_wconf 85' lang='lat' dir='ltr'>iacit</span> <span class='ocrx_word' id='word_1_111' title='bbox 1602 2550 1708 2658; x_wconf 94' lang='lat' dir='ltr'>quod</span> <span class='ocrx_word' id='word_1_112' title='bbox 1725 2573 1814 2630; x_wconf 93' lang='lat' dir='ltr'>oum</span> <span class='ocrx_word' id='word_1_113' title='bbox 1831 2544 1947 2639; x_wconf 67' lang='lat' dir='ltr'>olim,</span> 
     </span>
    </p>
   </div>
   <div class='ocr_carea' id='block_1_4' title="bbox 404 2672 1929 3567">
    <p class='ocr_par' dir='ltr' id='par_1_4' title="bbox 404 2672 1929 3567">
     <span class='ocr_line' id='line_1_14' title="bbox 404 2672 1926 2792; baseline 0 -30"><span class='ocrx_word' id='word_1_114' title='bbox 404 2672 417 2700; x_wconf 78' lang='lat'>&#39;¹</span> <span class='ocrx_word' id='word_1_115' title='bbox 444 2691 452 2706; x_wconf 84' lang='lat'>&#39;</span> <span class='ocrx_word' id='word_1_116' title='bbox 518 2690 687 2764; x_wconf 90' lang='lat' dir='ltr'>castrum</span> <span class='ocrx_word' id='word_1_117' title='bbox 707 2680 861 2766; x_wconf 89' lang='lat' dir='ltr'>Olibani</span> <span class='ocrx_word' id='word_1_118' title='bbox 886 2682 936 2765; x_wconf 90' lang='lat' dir='ltr'>ad</span> <span class='ocrx_word' id='word_1_119' title='bbox 956 2681 1154 2772; x_wconf 82' lang='lat' dir='ltr'>¹eeclesiam</span> <span class='ocrx_word' id='word_1_120' title='bbox 1173 2681 1449 2768; x_wconf 85' lang='lat' dir='ltr'>Salernitanam</span> <span class='ocrx_word' id='word_1_121' title='bbox 1472 2681 1665 2792; x_wconf 84' lang='lat' dir='ltr'>pertinens</span> <span class='ocrx_word' id='word_1_122' title='bbox 1687 2707 1754 2790; x_wconf 90' lang='lat' dir='ltr'>per</span> <span class='ocrx_word' id='word_1_123' title='bbox 1772 2679 1926 2790; x_wconf 84' lang='lat' dir='ltr'>magis-</span> 
     </span>
     <span class='ocr_line' id='line_1_15' title="bbox 519 2813 1929 2923; baseline 0 -28"><span class='ocrx_word' id='word_1_124' title='bbox 519 2822 621 2895; x_wconf 91' lang='lat' dir='ltr'>trum</span> <span class='ocrx_word' id='word_1_125' title='bbox 645 2813 964 2898; x_wconf 85' lang='lat' dir='ltr'>Theutonicorum</span> <span class='ocrx_word' id='word_1_126' title='bbox 990 2816 1251 2899; x_wconf 87' lang='lat' dir='ltr'>Hermannum</span> <span class='ocrx_word' id='word_1_127' title='bbox 1279 2816 1461 2900; x_wconf 86' lang='lat' dir='ltr'>custodiri</span> <span class='ocrx_word' id='word_1_128' title='bbox 1488 2815 1634 2923; x_wconf 88' lang='lat' dir='ltr'>iecerit,</span> <span class='ocrx_word' id='word_1_129' title='bbox 1655 2814 1799 2896; x_wconf 89' lang='lat' dir='ltr'>malitia</span> <span class='ocrx_word' id='word_1_130' title='bbox 1825 2825 1929 2896; x_wconf 90' lang='lat' dir='ltr'>tem-</span> 
     </span>
     <span class='ocr_line' id='line_1_16' title="bbox 519 2945 1928 3059; baseline 0.002 -32"><span class='ocrx_word' id='word_1_131' title='bbox 519 2946 623 3054; x_wconf 83' lang='lat' dir='ltr'>poris</span> <span class='ocrx_word' id='word_1_132' title='bbox 643 2946 769 3030; x_wconf 91' lang='lat' dir='ltr'>adhuc</span> <span class='ocrx_word' id='word_1_133' title='bbox 789 2949 1018 3057; x_wconf 83' lang='lat' dir='ltr'>perdurante</span> <span class='ocrx_word' id='word_1_134' title='bbox 1036 2975 1103 3058; x_wconf 87' lang='lat' dir='ltr'>per</span> <span class='ocrx_word' id='word_1_135' title='bbox 1120 2949 1346 3032; x_wconf 84' lang='lat' dir='ltr'>castellanos</span> <span class='ocrx_word' id='word_1_136' title='bbox 1364 2959 1402 3031; x_wconf 90' lang='lat' dir='ltr'>et</span> <span class='ocrx_word' id='word_1_137' title='bbox 1419 2950 1622 3034; x_wconf 85' lang='lat' dir='ltr'>servientes</span> <span class='ocrx_word' id='word_1_138' title='bbox 1640 2975 1730 3032; x_wconf 88' lang='lat' dir='ltr'>suos</span> <span class='ocrx_word' id='word_1_139' title='bbox 1752 2945 1928 3059; x_wconf 88' lang='lat' dir='ltr'>expensis</span> 
     </span>
     <span class='ocr_line' id='line_1_17' title="bbox 519 3077 1929 3193; baseline 0.004 -34"><span class='ocrx_word' id='word_1_140' title='bbox 519 3077 731 3186; x_wconf 88' lang='lat' dir='ltr'>praedictae</span> <span class='ocrx_word' id='word_1_141' title='bbox 750 3079 928 3165; x_wconf 87' lang='lat' dir='ltr'>ecclesiae</span> <span class='ocrx_word' id='word_1_142' title='bbox 955 3083 1247 3166; x_wconf 86' lang='lat' dir='ltr'>custodiendum</span> <span class='ocrx_word' id='word_1_143' title='bbox 1275 3108 1428 3193; x_wconf 89' lang='lat' dir='ltr'>quoque</span> <span class='ocrx_word' id='word_1_144' title='bbox 1451 3083 1581 3188; x_wconf 76' lang='lat' dir='ltr'>ducit,</span> <span class='ocrx_word' id='word_1_145' title='bbox 1611 3109 1658 3168; x_wconf 88' lang='lat' dir='ltr'>eo</span> <span class='ocrx_word' id='word_1_146' title='bbox 1683 3093 1811 3166; x_wconf 86' lang='lat' dir='ltr'>tamen</span> <span class='ocrx_word' id='word_1_147' title='bbox 1843 3092 1929 3164; x_wconf 85' lang='lat' dir='ltr'>sta-</span> 
     </span>
     <span class='ocr_line' id='line_1_18' title="bbox 521 3214 1925 3300; baseline 0.001 -6"><span class='ocrx_word' id='word_1_148' title='bbox 521 3223 601 3295; x_wconf 85' lang='lat' dir='ltr'>tuto</span> <span class='ocrx_word' id='word_1_149' title='bbox 640 3214 842 3297; x_wconf 85' lang='lat' dir='ltr'>utstatim</span> <span class='ocrx_word' id='word_1_150' title='bbox 875 3241 921 3298; x_wconf 90' lang='lat' dir='ltr'>eo</span> <span class='ocrx_word' id='word_1_151' title='bbox 955 3217 1156 3300; x_wconf 90' lang='lat' dir='ltr'>concordia</span> <span class='ocrx_word' id='word_1_152' title='bbox 1190 3215 1289 3299; x_wconf 88' lang='lat' dir='ltr'>inter</span> <span class='ocrx_word' id='word_1_153' title='bbox 1324 3241 1365 3299; x_wconf 88' lang='lat' dir='ltr'>se</span> <span class='ocrx_word' id='word_1_154' title='bbox 1399 3225 1437 3299; x_wconf 84' lang='lat' dir='ltr'>et</span> <span class='ocrx_word' id='word_1_155' title='bbox 1471 3216 1681 3300; x_wconf 88' lang='lat' dir='ltr'>Romanam</span> <span class='ocrx_word' id='word_1_156' title='bbox 1718 3214 1925 3299; x_wconf 88' lang='lat' dir='ltr'>Ecclesiam</span> 
     </span>
     <span class='ocr_line' id='line_1_19' title="bbox 519 3345 1928 3464; baseline 0.003 -37"><span class='ocrx_word' id='word_1_157' title='bbox 519 3345 725 3432; x_wconf 81' lang='lat' dir='ltr'>reformata</span> <span class='ocrx_word' id='word_1_158' title='bbox 748 3347 881 3458; x_wconf 88' lang='lat' dir='ltr'>suerit,</span> <span class='ocrx_word' id='word_1_159' title='bbox 900 3361 1068 3434; x_wconf 88' lang='lat' dir='ltr'>castrum</span> <span class='ocrx_word' id='word_1_160' title='bbox 1094 3349 1220 3462; x_wconf 89' lang='lat' dir='ltr'>ipsum</span> <span class='ocrx_word' id='word_1_161' title='bbox 1245 3351 1284 3432; x_wconf 91' lang='lat' dir='ltr'>in</span> <span class='ocrx_word' id='word_1_162' title='bbox 1303 3359 1527 3464; x_wconf 85' lang='lat' dir='ltr'>potestatem</span> <span class='ocrx_word' id='word_1_163' title='bbox 1549 3348 1818 3462; x_wconf 89' lang='lat' dir='ltr'>archicpiscopi</span> <span class='ocrx_word' id='word_1_164' title='bbox 1845 3348 1928 3431; x_wconf 88' lang='lat' dir='ltr'>sine</span> 
     </span>
     <span class='ocr_line' id='line_1_20' title="bbox 518 3477 982 3567; baseline 0.009 -7"><span class='ocrx_word' id='word_1_165' title='bbox 518 3477 739 3563; x_wconf 81' lang='lat' dir='ltr'>difficultate</span> <span class='ocrx_word' id='word_1_166' title='bbox 760 3487 982 3567; x_wconf 79' lang='lat' dir='ltr'>revertatur.</span> 
     </span>
    </p>
   </div>
   <div class='ocr_carea' id='block_1_5' title="bbox 531 3657 2017 3992">
    <p class='ocr_par' dir='ltr' id='par_1_5' title="bbox 531 3657 2017 3992">
     <span class='ocr_line' id='line_1_21' title="bbox 531 3657 1931 3780; baseline 0.004 -27"><span class='ocrx_word' id='word_1_167' title='bbox 531 3657 535 3665; x_wconf 30' lang='lat'>⁵</span> <span class='ocrx_word' id='word_1_168' title='bbox 600 3691 772 3773; x_wconf 86' lang='lat' dir='ltr'>(incdit..in</span> <span class='ocrx_word' id='word_1_169' title='bbox 778 3696 899 3759; x_wconf 88' lang='lat' dir='ltr'>archivo</span> <span class='ocrx_word' id='word_1_170' title='bbox 911 3696 1041 3776; x_wconf 79' lang='lat' dir='ltr'>archiep.</span> <span class='ocrx_word' id='word_1_171' title='bbox 1056 3696 1187 3777; x_wconf 62' lang='lat' dir='ltr'>Salam„</span> <span class='ocrx_word' id='word_1_172' title='bbox 1200 3706 1307 3780; x_wconf 81' lang='lat' dir='ltr'>regest.</span> <span class='ocrx_word' id='word_1_173' title='bbox 1321 3699 1348 3775; x_wconf 88' lang='grc' dir='ltr'>Ι,</span> <span class='ocrx_word' id='word_1_174' title='bbox 1362 3699 1414 3762; x_wconf 92' lang='lat' dir='ltr'>iol.</span> <span class='ocrx_word' id='word_1_175' title='bbox 1431 3708 1506 3780; x_wconf 78' lang='lat' dir='ltr'>tio,</span> <span class='ocrx_word' id='word_1_176' title='bbox 1523 3715 1562 3762; x_wconf 85' lang='lat' dir='ltr'>ex</span> <span class='ocrx_word' id='word_1_177' title='bbox 1576 3699 1712 3778; x_wconf 78' lang='lat' dir='ltr'>originali</span> <span class='ocrx_word' id='word_1_178' title='bbox 1724 3698 1803 3760; x_wconf 86' lang='lat' dir='ltr'>unde</span> <span class='ocrx_word' id='word_1_179' title='bbox 1814 3657 1931 3776; x_wconf 25' lang='lat' dir='ltr'>pende-¹</span> 
     </span>
     <span class='ocr_line' id='line_1_22' title="bbox 561 3799 2017 3906; baseline 0.001 -42"><span class='ocrx_word' id='word_1_180' title='bbox 561 3807 585 3888; x_wconf 80' lang='grc' dir='ltr'> </span> <span class='ocrx_word' id='word_1_181' title='bbox 638 3799 691 3864; x_wconf 85' lang='lat' dir='ltr'>bat</span> <span class='ocrx_word' id='word_1_182' title='bbox 704 3803 833 3881; x_wconf 86' lang='lat' dir='ltr'>sigillum</span> <span class='ocrx_word' id='word_1_183' title='bbox 851 3821 968 3866; x_wconf 86' lang='lat' dir='ltr'>cereum</span> <span class='ocrx_word' id='word_1_184' title='bbox 986 3821 1054 3865; x_wconf 93' lang='lat' dir='ltr'>cnm</span> <span class='ocrx_word' id='word_1_185' title='bbox 1074 3804 1134 3866; x_wconf 85' lang='lat' dir='ltr'>illis</span> <span class='ocrx_word' id='word_1_186' title='bbox 1152 3807 1253 3868; x_wconf 82' lang='lat' dir='ltr'>sericis</span> <span class='ocrx_word' id='word_1_187' title='bbox 1270 3807 1352 3868; x_wconf 90' lang='lat' dir='ltr'>rubri</span> <span class='ocrx_word' id='word_1_188' title='bbox 1370 3807 1691 3884; x_wconf 63' lang='lat' dir='ltr'>incimmemmaum</span> <span class='ocrx_word' id='word_1_189' title='bbox 1708 3803 1878 3874; x_wconf 79' lang='lat' dir='ltr'>chartaceus</span> <span class='ocrx_word' id='word_1_190' title='bbox 1896 3811 1928 3866; x_wconf 81' lang='lat' dir='ltr'>et</span> <span class='ocrx_word' id='word_1_191' title='bbox 2016 3901 2017 3906; x_wconf 5' lang='grc' dir='ltr'>ἵ</span> 
     </span>
     <span class='ocr_line' id='line_1_23' title="bbox 638 3911 1325 3992; baseline 0.006 -24"><span class='ocrx_word' id='word_1_192' title='bbox 638 3911 808 3971; x_wconf 81' lang='lat' dir='ltr'>recentioris</span> <span class='ocrx_word' id='word_1_193' title='bbox 821 3911 942 3972; x_wconf 81' lang='lat' dir='ltr'>mendas</span> <span class='ocrx_word' id='word_1_194' title='bbox 955 3911 1105 3973; x_wconf 81' lang='lat' dir='ltr'>evidentes</span> <span class='ocrx_word' id='word_1_195' title='bbox 1117 3911 1325 3992; x_wconf 80' lang='lat' dir='ltr'>correximus.)</span> 
     </span>
    </p>
   </div>
   <div class='ocr_carea' id='block_1_6' title="bbox 516 4095 1929 4818">
    <p class='ocr_par' dir='ltr' id='par_1_6' title="bbox 516 4095 1929 4818">
     <span class='ocr_line' id='line_1_24' title="bbox 566 4095 1927 4198; baseline 0 -28"><span class='ocrx_word' id='word_1_196' title='bbox 566 4095 763 4188; x_wconf 83' lang='lat' dir='ltr'>Fodericus,</span> <span class='ocrx_word' id='word_1_197' title='bbox 779 4097 844 4169; x_wconf 82' lang='lat' dir='ltr'>Ilei</span> <span class='ocrx_word' id='word_1_198' title='bbox 854 4097 965 4190; x_wconf 80' lang='lat' dir='ltr'>gratia</span> <span class='ocrx_word' id='word_1_199' title='bbox 980 4099 1214 4173; x_wconf 81' lang='lat' dir='ltr'>Romanomm</span> <span class='ocrx_word' id='word_1_200' title='bbox 1226 4099 1413 4195; x_wconf 89' lang='lat' dir='ltr'>imperator</span> <span class='ocrx_word' id='word_1_201' title='bbox 1429 4110 1464 4174; x_wconf 86' lang='lat' dir='ltr'>et</span> <span class='ocrx_word' id='word_1_202' title='bbox 1479 4122 1617 4198; x_wconf 86' lang='lat' dir='ltr'>semper</span> <span class='ocrx_word' id='word_1_203' title='bbox 1629 4110 1810 4193; x_wconf 81' lang='lat' dir='ltr'>augustus,</span> <span class='ocrx_word' id='word_1_204' title='bbox 1826 4099 1927 4171; x_wconf 87' lang='lat' dir='ltr'>leru-</span> 
     </span>
     <span class='ocr_line' id='line_1_25' title="bbox 518 4219 1925 4320; baseline 0.001 -26"><span class='ocrx_word' id='word_1_205' title='bbox 518 4222 628 4294; x_wconf 86' lang='lat' dir='ltr'>salom</span> <span class='ocrx_word' id='word_1_206' title='bbox 641 4230 677 4294; x_wconf 89' lang='lat' dir='ltr'>et</span> <span class='ocrx_word' id='word_1_207' title='bbox 689 4219 804 4296; x_wconf 89' lang='lat' dir='ltr'>Sicilie</span> <span class='ocrx_word' id='word_1_208' title='bbox 818 4243 894 4294; x_wconf 90' lang='lat' dir='ltr'>rex.</span> <span class='ocrx_word' id='word_1_209' title='bbox 906 4221 1034 4296; x_wconf 87' lang='lat' dir='ltr'>Notum</span> <span class='ocrx_word' id='word_1_210' title='bbox 1046 4221 1122 4296; x_wconf 85' lang='lat' dir='ltr'>fieri</span> <span class='ocrx_word' id='word_1_211' title='bbox 1135 4225 1296 4296; x_wconf 91' lang='lat' dir='ltr'>volumus</span> <span class='ocrx_word' id='word_1_212' title='bbox 1306 4245 1370 4320; x_wconf 89' lang='lat' dir='ltr'>por</span> <span class='ocrx_word' id='word_1_213' title='bbox 1383 4235 1564 4320; x_wconf 89' lang='lat' dir='ltr'>presentes</span> <span class='ocrx_word' id='word_1_214' title='bbox 1576 4225 1671 4320; x_wconf 95' lang='lat' dir='ltr'>quod</span> <span class='ocrx_word' id='word_1_215' title='bbox 1682 4225 1765 4297; x_wconf 94' lang='lat' dir='ltr'>olim</span> <span class='ocrx_word' id='word_1_216' title='bbox 1778 4245 1842 4319; x_wconf 93' lang='lat' dir='ltr'>pro</span> <span class='ocrx_word' id='word_1_217' title='bbox 1856 4243 1925 4296; x_wconf 82' lang='lat' dir='ltr'>ma·</span> 
     </span>
     <span class='ocr_line' id='line_1_26' title="bbox 518 4345 1929 4444; baseline -0.001 -25"><span class='ocrx_word' id='word_1_218' title='bbox 518 4347 592 4419; x_wconf 86' lang='lat' dir='ltr'>litia</span> <span class='ocrx_word' id='word_1_219' title='bbox 608 4345 770 4442; x_wconf 89' lang='lat' dir='ltr'>temporis</span> <span class='ocrx_word' id='word_1_220' title='bbox 785 4348 1004 4442; x_wconf 79' lang='lat' dir='ltr'>perurgentis</span> <span class='ocrx_word' id='word_1_221' title='bbox 1014 4359 1165 4422; x_wconf 89' lang='lat' dir='ltr'>castrum</span> <span class='ocrx_word' id='word_1_222' title='bbox 1179 4349 1315 4422; x_wconf 90' lang='lat' dir='ltr'>Olibani</span> <span class='ocrx_word' id='word_1_223' title='bbox 1327 4349 1424 4442; x_wconf 95' lang='lat' dir='ltr'>quod</span> <span class='ocrx_word' id='word_1_224' title='bbox 1434 4360 1487 4422; x_wconf 88' lang='lat' dir='ltr'>est</span> <span class='ocrx_word' id='word_1_225' title='bbox 1497 4359 1616 4424; x_wconf 89' lang='lat' dir='ltr'>sancte</span> <span class='ocrx_word' id='word_1_226' title='bbox 1626 4346 1929 4444; x_wconf 88' lang='lat' dir='ltr'>archiepiscopalis</span> 
     </span>
     <span class='ocr_line' id='line_1_27' title="bbox 517 4470 1929 4567; baseline -0.001 -23"><span class='ocrx_word' id='word_1_227' title='bbox 517 4470 664 4544; x_wconf 87' lang='lat' dir='ltr'>ecclesie</span> <span class='ocrx_word' id='word_1_228' title='bbox 677 4470 906 4562; x_wconf 83' lang='lat' dir='ltr'>Salernitana,</span> <span class='ocrx_word' id='word_1_229' title='bbox 925 4471 990 4545; x_wconf 87' lang='lat' dir='ltr'>init</span> <span class='ocrx_word' id='word_1_230' title='bbox 1004 4471 1049 4544; x_wconf 90' lang='lat' dir='ltr'>de</span> <span class='ocrx_word' id='word_1_231' title='bbox 1065 4471 1230 4546; x_wconf 86' lang='lat' dir='ltr'>mandato</span> <span class='ocrx_word' id='word_1_232' title='bbox 1246 4482 1365 4546; x_wconf 91' lang='lat' dir='ltr'>nostro</span> <span class='ocrx_word' id='word_1_233' title='bbox 1380 4483 1415 4546; x_wconf 87' lang='lat' dir='ltr'>et</span> <span class='ocrx_word' id='word_1_234' title='bbox 1431 4474 1610 4546; x_wconf 87' lang='lat' dir='ltr'>voluntate</span> <span class='ocrx_word' id='word_1_235' title='bbox 1625 4473 1803 4567; x_wconf 91' lang='lat' dir='ltr'>qnondam</span> <span class='ocrx_word' id='word_1_236' title='bbox 1824 4491 1929 4545; x_wconf 77' lang='lat' dir='ltr'>vene-¹</span> 
     </span>
     <span class='ocr_line' id='line_1_28' title="bbox 517 4594 1927 4696; baseline 0 -28"><span class='ocrx_word' id='word_1_237' title='bbox 517 4594 635 4668; x_wconf 91' lang='lat' dir='ltr'>rabilis</span> <span class='ocrx_word' id='word_1_238' title='bbox 647 4594 896 4696; x_wconf 90' lang='lat' dir='ltr'>archiepiscopi</span> <span class='ocrx_word' id='word_1_239' title='bbox 908 4595 1016 4692; x_wconf 88' lang='lat' dir='ltr'>ipsius</span> <span class='ocrx_word' id='word_1_240' title='bbox 1029 4596 1173 4668; x_wconf 89' lang='lat' dir='ltr'>ecclesie</span> <span class='ocrx_word' id='word_1_241' title='bbox 1182 4594 1294 4669; x_wconf 84' lang='lat' dir='ltr'>fidelis</span> <span class='ocrx_word' id='word_1_242' title='bbox 1305 4597 1413 4671; x_wconf 88' lang='lat' dir='ltr'>nostri</span> <span class='ocrx_word' id='word_1_243' title='bbox 1431 4620 1494 4692; x_wconf 89' lang='lat' dir='ltr'>per</span> <span class='ocrx_word' id='word_1_244' title='bbox 1507 4596 1927 4670; x_wconf 87' lang='lat' dir='ltr'>bonemomorieiratrem</span> 
     </span>
     <span class='ocr_line' id='line_1_29' title="bbox 516 4719 1929 4818; baseline 0.001 -25"><span class='ocrx_word' id='word_1_245' title='bbox 516 4721 752 4794; x_wconf 87' lang='lat' dir='ltr'>Hermannum</span> <span class='ocrx_word' id='word_1_246' title='bbox 768 4721 971 4814; x_wconf 77' lang='lat' dir='ltr'>magistrum</span> <span class='ocrx_word' id='word_1_247' title='bbox 983 4719 1163 4818; x_wconf 82' lang='lat' dir='ltr'>hospitalis</span> <span class='ocrx_word' id='word_1_248' title='bbox 1177 4722 1303 4798; x_wconf 82' lang='lat' dir='ltr'>sancto</span> <span class='ocrx_word' id='word_1_249' title='bbox 1314 4722 1422 4798; x_wconf 81' lang='lat' dir='ltr'>illaria</span> <span class='ocrx_word' id='word_1_250' title='bbox 1436 4721 1727 4796; x_wconf 87' lang='lat' dir='ltr'>Theutonicorum</span> <span class='ocrx_word' id='word_1_251' title='bbox 1745 4720 1781 4792; x_wconf 91' lang='lat' dir='ltr'>in</span> <span class='ocrx_word' id='word_1_252' title='bbox 1794 4721 1929 4795; x_wconf 83' lang='lat' dir='ltr'>Jerusa-</span> 
     </span>
    </p>
   </div>
   <div class='ocr_carea' id='block_1_7' title="bbox 0 0 2158 5911">
    <p class='ocr_par' dir='ltr' id='par_1_7' title="bbox 0 0 2158 5911">
     <span class='ocr_line' id='line_1_30' title="bbox 0 0 2158 5911; baseline 0 0"><span class='ocrx_word' id='word_1_253' title='bbox 0 0 2158 5911; x_wconf 95' lang='lat' dir='ltr'> </span> 
     </span>
    </p>
   </div>
  </div>
 </body>
</html>
