<?xml version="1.0" encoding="UTF-8"?>
<!DOCTYPE html PUBLIC "-//W3C//DTD XHTML 1.0 Transitional//EN"
    "http://www.w3.org/TR/xhtml1/DTD/xhtml1-transitional.dtd">
<html xmlns="http://www.w3.org/1999/xhtml" xml:lang="en" lang="en">
 <head>
  <title>
</title>
<meta http-equiv="Content-Type" content="text/html;charset=utf-8" />
  <meta name='ocr-system' content='tesseract 3.04.00' />
  <meta name='ocr-capabilities' content='ocr_page ocr_carea ocr_par ocr_line ocrx_word'/>
</head>
<body>
  <div class='ocr_page' id='page_1' title='image "./historiadiploma00fredgoog/historiadiploma00fredgoog_0398.png"; bbox 0 0 4318 5904; ppageno 0'>
   <div class='ocr_carea' id='block_1_1' title="bbox 793 582 1105 646">
    <p class='ocr_par' dir='ltr' id='par_1_1' title="bbox 793 582 1105 646">
     <span class='ocr_line' id='line_1_1' title="bbox 793 582 1105 646; baseline 0 -1"><span class='ocrx_word' id='word_1_1' title='bbox 793 582 1105 646; x_wconf 77' lang='lat' dir='ltr'><strong>aublthttartth.</strong></span> 
     </span>
    </p>
   </div>
   <div class='ocr_carea' id='block_1_2' title="bbox 447 857 1447 877">
    <p class='ocr_par' dir='ltr' id='par_1_2' title="bbox 447 857 1447 877">
     <span class='ocr_line' id='line_1_2' title="bbox 447 857 1447 877; baseline 0 -4"><span class='ocrx_word' id='word_1_2' title='bbox 447 861 1122 877; x_wconf 44' lang='lat' dir='ltr'><strong>——ss———u-—u———w-</strong></span> <span class='ocrx_word' id='word_1_3' title='bbox 1127 857 1447 868; x_wconf 65' lang='grc'><strong>-“-··’·--““”·““““““·’</strong></span> 
     </span>
    </p>
   </div>
   <div class='ocr_carea' id='block_1_3' title="bbox 447 1110 1446 1203">
    <p class='ocr_par' dir='ltr' id='par_1_3' title="bbox 447 1110 1446 1203">
     <span class='ocr_line' id='line_1_3' title="bbox 447 1110 1446 1203; baseline -0.008 -3"><span class='ocrx_word' id='word_1_4' title='bbox 447 1115 779 1203; x_wconf 82' lang='lat' dir='ltr'><strong>DOCUMENTA</strong></span> <span class='ocrx_word' id='word_1_5' title='bbox 811 1114 1081 1200; x_wconf 80' lang='lat' dir='ltr'>SUSPECTA</span> <span class='ocrx_word' id='word_1_6' title='bbox 1116 1113 1209 1198; x_wconf 84' lang='lat' dir='ltr'><strong>SEU</strong></span> <span class='ocrx_word' id='word_1_7' title='bbox 1246 1110 1446 1197; x_wconf 82' lang='lat' dir='ltr'><strong>SPURIA.</strong></span> 
     </span>
    </p>
   </div>
   <div class='ocr_carea' id='block_1_4' title="bbox 246 1319 1837 1835">
    <p class='ocr_par' dir='ltr' id='par_1_4' title="bbox 246 1319 1837 1835">
     <span class='ocr_line' id='line_1_4' title="bbox 301 1319 1837 1438; baseline -0.002 -29"><span class='ocrx_word' id='word_1_8' title='bbox 301 1326 535 1438; x_wconf 88' lang='lat' dir='ltr'><strong>Fridericus‚</strong></span> <span class='ocrx_word' id='word_1_9' title='bbox 563 1329 824 1413; x_wconf 87' lang='lat' dir='ltr'><strong>Romanorum</strong></span> <span class='ocrx_word' id='word_1_10' title='bbox 856 1328 1078 1437; x_wconf 85' lang='lat' dir='ltr'><strong>imperator,</strong></span> <span class='ocrx_word' id='word_1_11' title='bbox 1111 1326 1299 1410; x_wconf 88' lang='lat' dir='ltr'><strong>Matthaeo</strong></span> <span class='ocrx_word' id='word_1_12' title='bbox 1329 1323 1518 1434; x_wconf 89' lang='lat' dir='ltr'><strong>Vulpillae</strong></span> <span class='ocrx_word' id='word_1_13' title='bbox 1553 1323 1657 1408; x_wconf 88' lang='lat' dir='ltr'><strong>fideli</strong></span> <span class='ocrx_word' id='word_1_14' title='bbox 1709 1319 1837 1419; x_wconf 55' lang='lat' dir='ltr'><strong>mla</strong></span> 
     </span>
     <span class='ocr_line' id='line_1_5' title="bbox 248 1457 1658 1568; baseline 0.001 -27"><span class='ocrx_word' id='word_1_15' title='bbox 248 1485 319 1542; x_wconf 90' lang='lat' dir='ltr'><strong>suo</strong></span> <span class='ocrx_word' id='word_1_16' title='bbox 347 1461 473 1545; x_wconf 87' lang='lat' dir='ltr'><strong>casale</strong></span> <span class='ocrx_word' id='word_1_17' title='bbox 498 1460 663 1544; x_wconf 89' lang='lat' dir='ltr'><strong>Sabuchi</strong></span> <span class='ocrx_word' id='word_1_18' title='bbox 690 1461 728 1542; x_wconf 93' lang='lat' dir='ltr'><strong>in</strong></span> <span class='ocrx_word' id='word_1_19' title='bbox 755 1461 944 1543; x_wconf 87' lang='lat' dir='ltr'><strong>territorio</strong></span> <span class='ocrx_word' id='word_1_20' title='bbox 973 1459 1284 1564; x_wconf 84' lang='lat' dir='ltr'><strong>Calatanisettae,</strong></span> <span class='ocrx_word' id='word_1_21' title='bbox 1310 1459 1413 1568; x_wconf 84' lang='lat' dir='ltr'><strong>quod</strong></span> <span class='ocrx_word' id='word_1_22' title='bbox 1444 1457 1658 1542; x_wconf 81' lang='lat' dir='ltr'>Alexander</span> 
     </span>
     <span class='ocr_line' id='line_1_6' title="bbox 247 1588 1656 1703; baseline 0.003 -33"><span class='ocrx_word' id='word_1_23' title='bbox 247 1588 416 1702; x_wconf 90' lang='lat' dir='ltr'><strong>Vulpilla</strong></span> <span class='ocrx_word' id='word_1_24' title='bbox 439 1594 634 1702; x_wconf 89' lang='lat' dir='ltr'><strong>quondam</strong></span> <span class='ocrx_word' id='word_1_25' title='bbox 667 1619 690 1676; x_wconf 92' lang='lat' dir='ltr'><strong>a</strong></span> <span class='ocrx_word' id='word_1_26' title='bbox 718 1618 807 1703; x_wconf 85' lang='lat' dir='ltr'><strong>rege</strong></span> <span class='ocrx_word' id='word_1_27' title='bbox 834 1591 1038 1676; x_wconf 86' lang='lat' dir='ltr'><strong>Guillelmo</strong></span> <span class='ocrx_word' id='word_1_28' title='bbox 1059 1591 1211 1702; x_wconf 89' lang='lat' dir='ltr'><strong>juniore</strong></span> <span class='ocrx_word' id='word_1_29' title='bbox 1232 1603 1445 1700; x_wconf 85' lang='lat' dir='ltr'><strong>acceperat,</strong></span> <span class='ocrx_word' id='word_1_30' title='bbox 1470 1591 1543 1676; x_wconf 90' lang='lat' dir='ltr'><strong>sub</strong></span> <span class='ocrx_word' id='word_1_31' title='bbox 1567 1618 1656 1675; x_wconf 90' lang='lat' dir='ltr'><strong>ser-</strong></span> 
     </span>
     <span class='ocr_line' id='line_1_7' title="bbox 246 1723 1154 1835; baseline 0.002 -29"><span class='ocrx_word' id='word_1_32' title='bbox 246 1723 337 1808; x_wconf 79' lang='lat' dir='ltr'><strong>vitio</strong></span> <span class='ocrx_word' id='word_1_33' title='bbox 356 1725 471 1810; x_wconf 91' lang='lat' dir='ltr'><strong>unius</strong></span> <span class='ocrx_word' id='word_1_34' title='bbox 488 1726 621 1808; x_wconf 88' lang='lat' dir='ltr'><strong>militis</strong></span> <span class='ocrx_word' id='word_1_35' title='bbox 638 1727 677 1807; x_wconf 94' lang='lat' dir='ltr'><strong>in</strong></span> <span class='ocrx_word' id='word_1_36' title='bbox 697 1737 924 1835; x_wconf 88' lang='lat' dir='ltr'><strong>perpetuum</strong></span> <span class='ocrx_word' id='word_1_37' title='bbox 942 1725 1154 1809; x_wconf 87' lang='lat' dir='ltr'><strong>confirmat.</strong></span> 
     </span>
    </p>
   </div>
   <div class='ocr_carea' id='block_1_5' title="bbox 328 1891 1654 2022">
    <p class='ocr_par' dir='ltr' id='par_1_5' title="bbox 328 1891 1654 2022">
     <span class='ocr_line' id='line_1_8' title="bbox 328 1891 1654 2022; baseline 0 -22"><span class='ocrx_word' id='word_1_38' title='bbox 328 1936 650 2019; x_wconf 80' lang='lat' dir='ltr'><strong>(lldld.ldonr1anaao‚</strong></span> <span class='ocrx_word' id='word_1_39' title='bbox 660 1937 920 2021; x_wconf 62' lang='lat' dir='ltr'><strong>nonannoeane.</strong></span> <span class='ocrx_word' id='word_1_40' title='bbox 933 1891 1005 2000; x_wconf 75' lang='lat' dir='ltr'><strong>delle</strong></span> <span class='ocrx_word' id='word_1_41' title='bbox 1015 1947 1078 2001; x_wconf 85' lang='lat' dir='ltr'><strong>cot.</strong></span> <span class='ocrx_word' id='word_1_42' title='bbox 1085 1957 1219 2022; x_wconf 78' lang='lat' dir='ltr'><strong>perpom.</strong></span> <span class='ocrx_word' id='word_1_43' title='bbox 1230 1937 1307 2000; x_wconf 85' lang='lat' dir='ltr'><strong>dello</strong></span> <span class='ocrx_word' id='word_1_44' title='bbox 1318 1936 1495 2000; x_wconf 67' lang='lat' dir='ltr'><strong>elendona</strong></span> <span class='ocrx_word' id='word_1_45' title='bbox 1506 1941 1654 2021; x_wconf 75' lang='lat' dir='ltr'><strong>Mopiooe,</strong></span> 
     </span>
    </p>
   </div>
   <div class='ocr_carea' id='block_1_6' title="bbox 366 2045 1657 2443">
    <p class='ocr_par' dir='ltr' id='par_1_6' title="bbox 366 2045 1657 2443">
     <span class='ocr_line' id='line_1_9' title="bbox 367 2045 1656 2125; baseline 0 -18"><span class='ocrx_word' id='word_1_46' title='bbox 367 2063 398 2124; x_wconf 93' lang='lat' dir='ltr'><strong>p.</strong></span> <span class='ocrx_word' id='word_1_47' title='bbox 418 2053 468 2107; x_wconf 79' lang='lat'><strong>26.</strong></span> <span class='ocrx_word' id='word_1_48' title='bbox 484 2045 580 2125; x_wconf 79' lang='lat' dir='ltr'><strong>Slgllll</strong></span> <span class='ocrx_word' id='word_1_49' title='bbox 593 2047 691 2108; x_wconf 89' lang='lat' dir='ltr'><strong>avulsl</strong></span> <span class='ocrx_word' id='word_1_50' title='bbox 709 2047 762 2109; x_wconf 88' lang='lat' dir='ltr'><strong>llla</strong></span> <span class='ocrx_word' id='word_1_51' title='bbox 777 2050 870 2108; x_wconf 78' lang='lat' dir='ltr'><strong>serica</strong></span> <span class='ocrx_word' id='word_1_52' title='bbox 883 2047 1093 2108; x_wconf 85' lang='lat' dir='ltr'><strong>tantummodo</strong></span> <span class='ocrx_word' id='word_1_53' title='bbox 1106 2054 1272 2124; x_wconf 81' lang='lat' dir='ltr'><strong>supersunt.</strong></span> <span class='ocrx_word' id='word_1_54' title='bbox 1290 2047 1358 2108; x_wconf 89' lang='lat' dir='ltr'><strong>Non</strong></span> <span class='ocrx_word' id='word_1_55' title='bbox 1377 2063 1414 2106; x_wconf 82' lang='lat' dir='ltr'><strong>ax</strong></span> <span class='ocrx_word' id='word_1_56' title='bbox 1432 2047 1525 2123; x_wconf 88' lang='lat' dir='ltr'><strong>lpslus</strong></span> <span class='ocrx_word' id='word_1_57' title='bbox 1537 2047 1656 2108; x_wconf 84' lang='lat' dir='ltr'><strong>chartac</strong></span> 
     </span>
     <span class='ocr_line' id='line_1_10' title="bbox 367 2152 1655 2231; baseline 0.001 -20"><span class='ocrx_word' id='word_1_58' title='bbox 367 2158 480 2226; x_wconf 85' lang='lat' dir='ltr'><strong>tenore,</strong></span> <span class='ocrx_word' id='word_1_59' title='bbox 497 2152 549 2212; x_wconf 88' lang='lat' dir='ltr'><strong>sed</strong></span> <span class='ocrx_word' id='word_1_60' title='bbox 565 2169 582 2210; x_wconf 90' lang='lat' dir='ltr'><strong>e</strong></span> <span class='ocrx_word' id='word_1_61' title='bbox 600 2155 679 2213; x_wconf 83' lang='lat' dir='ltr'><strong>nods</strong></span> <span class='ocrx_word' id='word_1_62' title='bbox 697 2153 912 2229; x_wconf 75' lang='lat' dir='ltr'><strong>chronologicis</strong></span> <span class='ocrx_word' id='word_1_63' title='bbox 923 2170 1001 2231; x_wconf 87' lang='lat' dir='ltr'><strong>quaa</strong></span> <span class='ocrx_word' id='word_1_64' title='bbox 1014 2155 1092 2213; x_wconf 80' lang='lat' dir='ltr'><strong>inter</strong></span> <span class='ocrx_word' id='word_1_65' title='bbox 1104 2169 1136 2214; x_wconf 86' lang='lat' dir='ltr'><strong>se</strong></span> <span class='ocrx_word' id='word_1_66' title='bbox 1150 2169 1211 2212; x_wconf 92' lang='lat' dir='ltr'><strong>non</strong></span> <span class='ocrx_word' id='word_1_67' title='bbox 1225 2153 1406 2214; x_wconf 78' lang='lat' dir='ltr'><strong>concordant</strong></span> <span class='ocrx_word' id='word_1_68' title='bbox 1419 2158 1448 2212; x_wconf 91' lang='lat' dir='ltr'><strong>et</strong></span> <span class='ocrx_word' id='word_1_69' title='bbox 1461 2153 1576 2213; x_wconf 89' lang='lat' dir='ltr'><strong>etltulo</strong></span> <span class='ocrx_word' id='word_1_70' title='bbox 1586 2169 1655 2229; x_wconf 93' lang='lat' dir='ltr'><strong>pro·</strong></span> 
     </span>
     <span class='ocr_line' id='line_1_11' title="bbox 366 2257 1657 2335; baseline 0.002 -19"><span class='ocrx_word' id='word_1_71' title='bbox 366 2259 506 2318; x_wconf 88' lang='lat' dir='ltr'><strong>tonotarll</strong></span> <span class='ocrx_word' id='word_1_72' title='bbox 522 2257 608 2318; x_wconf 83' lang='lat' dir='ltr'><strong>Petro</strong></span> <span class='ocrx_word' id='word_1_73' title='bbox 621 2260 658 2320; x_wconf 86' lang='lat' dir='ltr'><strong>da</strong></span> <span class='ocrx_word' id='word_1_74' title='bbox 672 2258 932 2334; x_wconf 72' lang='lat' dir='ltr'><strong>vincentianam,</strong></span> <span class='ocrx_word' id='word_1_75' title='bbox 947 2275 1040 2335; x_wconf 90' lang='lat' dir='ltr'><strong>quum</strong></span> <span class='ocrx_word' id='word_1_76' title='bbox 1053 2275 1113 2319; x_wconf 88' lang='lat' dir='ltr'><strong>non</strong></span> <span class='ocrx_word' id='word_1_77' title='bbox 1126 2265 1195 2319; x_wconf 87' lang='lat' dir='ltr'><strong>anta</strong></span> <span class='ocrx_word' id='word_1_78' title='bbox 1206 2275 1273 2319; x_wconf 88' lang='lat' dir='ltr'><strong>ann</strong></span> <span class='ocrx_word' id='word_1_79' title='bbox 1295 2267 1371 2318; x_wconf 73' lang='lat'><strong>1247</strong></span> <span class='ocrx_word' id='word_1_80' title='bbox 1385 2258 1442 2318; x_wconf 93' lang='lat' dir='ltr'><strong>hoc</strong></span> <span class='ocrx_word' id='word_1_81' title='bbox 1460 2273 1569 2320; x_wconf 85' lang='lat' dir='ltr'><strong>munus</strong></span> <span class='ocrx_word' id='word_1_82' title='bbox 1588 2273 1657 2320; x_wconf 87' lang='lat' dir='ltr'><strong>sus·</strong></span> 
     </span>
     <span class='ocr_line' id='line_1_12' title="bbox 367 2363 1179 2443; baseline 0.002 -19"><span class='ocrx_word' id='word_1_83' title='bbox 367 2366 487 2443; x_wconf 87' lang='lat' dir='ltr'><strong>ceperlt,</strong></span> <span class='ocrx_word' id='word_1_84' title='bbox 502 2363 715 2426; x_wconf 81' lang='lat' dir='ltr'><strong>documentum</strong></span> <span class='ocrx_word' id='word_1_85' title='bbox 730 2365 816 2426; x_wconf 87' lang='lat' dir='ltr'><strong>valde</strong></span> <span class='ocrx_word' id='word_1_86' title='bbox 829 2371 997 2442; x_wconf 84' lang='lat' dir='ltr'><strong>suspectum</strong></span> <span class='ocrx_word' id='word_1_87' title='bbox 1009 2363 1179 2443; x_wconf 86' lang='lat' dir='ltr'><strong>habemus.)</strong></span> 
     </span>
    </p>
   </div>
   <div class='ocr_carea' id='block_1_7' title="bbox 243 2552 1659 4633">
    <p class='ocr_par' dir='ltr' id='par_1_7' title="bbox 243 2552 1659 4633">
     <span class='ocr_line' id='line_1_13' title="bbox 295 2552 1656 2649; baseline 0.001 -25"><span class='ocrx_word' id='word_1_88' title='bbox 295 2552 507 2645; x_wconf 72' lang='lat' dir='ltr'><strong>anthericus,</strong></span> <span class='ocrx_word' id='word_1_89' title='bbox 524 2552 589 2625; x_wconf 84' lang='lat' dir='ltr'><strong>Ilei</strong></span> <span class='ocrx_word' id='word_1_90' title='bbox 605 2553 717 2645; x_wconf 80' lang='lat' dir='ltr'><strong>gratia</strong></span> <span class='ocrx_word' id='word_1_91' title='bbox 735 2554 970 2625; x_wconf 86' lang='lat' dir='ltr'><strong>Romanorum</strong></span> <span class='ocrx_word' id='word_1_92' title='bbox 990 2553 1179 2648; x_wconf 87' lang='lat' dir='ltr'><strong>imperator</strong></span> <span class='ocrx_word' id='word_1_93' title='bbox 1198 2575 1337 2649; x_wconf 90' lang='lat' dir='ltr'><strong>semper</strong></span> <span class='ocrx_word' id='word_1_94' title='bbox 1354 2564 1540 2648; x_wconf 78' lang='lat' dir='ltr'><strong>augustus,</strong></span> <span class='ocrx_word' id='word_1_95' title='bbox 1560 2555 1656 2627; x_wconf 88' lang='lat' dir='ltr'><strong>Jeru-</strong></span> 
     </span>
     <span class='ocr_line' id='line_1_14' title="bbox 246 2677 1656 2772; baseline 0 -24"><span class='ocrx_word' id='word_1_96' title='bbox 246 2677 354 2749; x_wconf 86' lang='lat' dir='ltr'><strong>salem</strong></span> <span class='ocrx_word' id='word_1_97' title='bbox 382 2686 417 2749; x_wconf 89' lang='lat' dir='ltr'><strong>et</strong></span> <span class='ocrx_word' id='word_1_98' title='bbox 443 2677 557 2749; x_wconf 87' lang='lat' dir='ltr'><strong>Sicilie</strong></span> <span class='ocrx_word' id='word_1_99' title='bbox 581 2698 659 2749; x_wconf 76' lang='lat' dir='ltr'><strong>res.</strong></span> <span class='ocrx_word' id='word_1_100' title='bbox 689 2679 754 2749; x_wconf 90' lang='lat' dir='ltr'><strong>Per</strong></span> <span class='ocrx_word' id='word_1_101' title='bbox 781 2699 925 2772; x_wconf 87' lang='lat' dir='ltr'><strong>presens</strong></span> <span class='ocrx_word' id='word_1_102' title='bbox 949 2677 1168 2772; x_wconf 80' lang='lat' dir='ltr'><strong>privilegium</strong></span> <span class='ocrx_word' id='word_1_103' title='bbox 1191 2687 1347 2749; x_wconf 90' lang='lat' dir='ltr'><strong>nostrum</strong></span> <span class='ocrx_word' id='word_1_104' title='bbox 1369 2687 1491 2750; x_wconf 89' lang='lat' dir='ltr'><strong>notum</strong></span> <span class='ocrx_word' id='word_1_105' title='bbox 1511 2678 1656 2750; x_wconf 84' lang='lat' dir='ltr'><strong>facimus</strong></span> 
     </span>
     <span class='ocr_line' id='line_1_15' title="bbox 246 2799 1656 2896; baseline 0.002 -26"><span class='ocrx_word' id='word_1_106' title='bbox 246 2801 417 2873; x_wconf 90' lang='lat' dir='ltr'><strong>universis</strong></span> <span class='ocrx_word' id='word_1_107' title='bbox 440 2799 600 2873; x_wconf 86' lang='lat' dir='ltr'><strong>fidelibus</strong></span> <span class='ocrx_word' id='word_1_108' title='bbox 620 2801 748 2873; x_wconf 88' lang='lat' dir='ltr'><strong>nostris</strong></span> <span class='ocrx_word' id='word_1_109' title='bbox 765 2811 835 2873; x_wconf 72' lang='lat' dir='ltr'><strong>mm</strong></span> <span class='ocrx_word' id='word_1_110' title='bbox 857 2800 1077 2896; x_wconf 85' lang='lat' dir='ltr'><strong>presentibus</strong></span> <span class='ocrx_word' id='word_1_111' title='bbox 1099 2821 1205 2895; x_wconf 89' lang='lat' dir='ltr'><strong>quam</strong></span> <span class='ocrx_word' id='word_1_112' title='bbox 1226 2802 1351 2872; x_wconf 87' lang='lat' dir='ltr'><strong>suturis</strong></span> <span class='ocrx_word' id='word_1_113' title='bbox 1372 2801 1467 2894; x_wconf 89' lang='lat' dir='ltr'><strong>quod</strong></span> <span class='ocrx_word' id='word_1_114' title='bbox 1482 2802 1656 2875; x_wconf 82' lang='lat' dir='ltr'><strong>Mattheus</strong></span> 
     </span>
     <span class='ocr_line' id='line_1_16' title="bbox 246 2923 1656 3021; baseline 0.001 -25"><span class='ocrx_word' id='word_1_115' title='bbox 246 2925 396 3021; x_wconf 90' lang='lat' dir='ltr'><strong>Vulpilla</strong></span> <span class='ocrx_word' id='word_1_116' title='bbox 411 2923 503 2996; x_wconf 89' lang='lat' dir='ltr'><strong>filius</strong></span> <span class='ocrx_word' id='word_1_117' title='bbox 520 2925 698 3019; x_wconf 89' lang='lat' dir='ltr'><strong>quondam</strong></span> <span class='ocrx_word' id='word_1_118' title='bbox 716 2925 864 3020; x_wconf 90' lang='lat' dir='ltr'><strong>Philippi</strong></span> <span class='ocrx_word' id='word_1_119' title='bbox 882 2926 1050 3020; x_wconf 88' lang='lat' dir='ltr'><strong>Vulpille,</strong></span> <span class='ocrx_word' id='word_1_120' title='bbox 1073 2923 1185 2998; x_wconf 88' lang='lat' dir='ltr'><strong>fidelis</strong></span> <span class='ocrx_word' id='word_1_121' title='bbox 1205 2935 1337 3015; x_wconf 86' lang='lat' dir='ltr'><strong>noster,</strong></span> <span class='ocrx_word' id='word_1_122' title='bbox 1353 2927 1525 3018; x_wconf 87' lang='lat' dir='ltr'><strong>majestati</strong></span> <span class='ocrx_word' id='word_1_123' title='bbox 1538 2937 1656 2999; x_wconf 90' lang='lat' dir='ltr'><strong>nostre</strong></span> 
     </span>
     <span class='ocr_line' id='line_1_17' title="bbox 248 3049 1658 3146; baseline 0 -24"><span class='ocrx_word' id='word_1_124' title='bbox 248 3049 426 3122; x_wconf 92' lang='lat' dir='ltr'><strong>humiliter</strong></span> <span class='ocrx_word' id='word_1_125' title='bbox 436 3050 644 3146; x_wconf 84' lang='lat' dir='ltr'><strong>supplicavit</strong></span> <span class='ocrx_word' id='word_1_126' title='bbox 657 3059 696 3122; x_wconf 91' lang='lat' dir='ltr'><strong>ut</strong></span> <span class='ocrx_word' id='word_1_127' title='bbox 709 3072 788 3122; x_wconf 85' lang='lat' dir='ltr'><strong>curn</strong></span> <span class='ocrx_word' id='word_1_128' title='bbox 803 3049 965 3122; x_wconf 91' lang='lat' dir='ltr'><strong>dominus</strong></span> <span class='ocrx_word' id='word_1_129' title='bbox 976 3073 1043 3122; x_wconf 85' lang='lat' dir='ltr'><strong>rex</strong></span> <span class='ocrx_word' id='word_1_130' title='bbox 1051 3051 1245 3122; x_wconf 91' lang='lat' dir='ltr'><strong>Willelmns</strong></span> <span class='ocrx_word' id='word_1_131' title='bbox 1254 3049 1372 3142; x_wconf 87' lang='lat' dir='ltr'><strong>junior</strong></span> <span class='ocrx_word' id='word_1_132' title='bbox 1383 3050 1547 3122; x_wconf 89' lang='lat' dir='ltr'><strong>memorie</strong></span> <span class='ocrx_word' id='word_1_133' title='bbox 1561 3071 1658 3122; x_wconf 89' lang='lat' dir='ltr'><strong>reco-</strong></span> 
     </span>
     <span class='ocr_line' id='line_1_18' title="bbox 248 3171 1656 3265; baseline 0 -20"><span class='ocrx_word' id='word_1_134' title='bbox 248 3174 369 3265; x_wconf 87' lang='lat' dir='ltr'><strong>lende,</strong></span> <span class='ocrx_word' id='word_1_135' title='bbox 392 3173 593 3246; x_wconf 81' lang='lat' dir='ltr'><strong>karissimus</strong></span> <span class='ocrx_word' id='word_1_136' title='bbox 610 3172 840 3246; x_wconf 86' lang='lat' dir='ltr'><strong>consobrinus</strong></span> <span class='ocrx_word' id='word_1_137' title='bbox 859 3185 990 3264; x_wconf 90' lang='lat' dir='ltr'><strong>noster,</strong></span> <span class='ocrx_word' id='word_1_138' title='bbox 1011 3173 1148 3246; x_wconf 87' lang='lat' dir='ltr'><strong>dederit</strong></span> <span class='ocrx_word' id='word_1_139' title='bbox 1170 3183 1204 3245; x_wconf 92' lang='lat' dir='ltr'><strong>et</strong></span> <span class='ocrx_word' id='word_1_140' title='bbox 1226 3171 1436 3245; x_wconf 84' lang='lat' dir='ltr'><strong>concesserit</strong></span> <span class='ocrx_word' id='word_1_141' title='bbox 1454 3172 1656 3246; x_wconf 83' lang='lat' dir='ltr'><strong>Alexandro</strong></span> 
     </span>
     <span class='ocr_line' id='line_1_19' title="bbox 247 3296 1656 3394; baseline -0.003 -23"><span class='ocrx_word' id='word_1_142' title='bbox 247 3298 398 3394; x_wconf 84' lang='lat' dir='ltr'><strong>Vulpilla</strong></span> <span class='ocrx_word' id='word_1_143' title='bbox 417 3299 592 3370; x_wconf 90' lang='lat' dir='ltr'><strong>avunculo</strong></span> <span class='ocrx_word' id='word_1_144' title='bbox 615 3319 680 3370; x_wconf 91' lang='lat' dir='ltr'><strong>suo</strong></span> <span class='ocrx_word' id='word_1_145' title='bbox 700 3297 878 3390; x_wconf 84' lang='lat' dir='ltr'><strong>quoddam</strong></span> <span class='ocrx_word' id='word_1_146' title='bbox 901 3299 1013 3370; x_wconf 89' lang='lat' dir='ltr'><strong>casale</strong></span> <span class='ocrx_word' id='word_1_147' title='bbox 1037 3297 1132 3391; x_wconf 90' lang='lat' dir='ltr'><strong>quod</strong></span> <span class='ocrx_word' id='word_1_148' title='bbox 1155 3297 1283 3370; x_wconf 88' lang='lat' dir='ltr'><strong>dicitur</strong></span> <span class='ocrx_word' id='word_1_149' title='bbox 1304 3297 1472 3387; x_wconf 85' lang='lat' dir='ltr'><strong>Sabuehi‚</strong></span> <span class='ocrx_word' id='word_1_150' title='bbox 1496 3297 1599 3370; x_wconf 89' lang='lat' dir='ltr'><strong>situm</strong></span> <span class='ocrx_word' id='word_1_151' title='bbox 1619 3296 1656 3367; x_wconf 90' lang='lat' dir='ltr'><strong>in</strong></span> 
     </span>
     <span class='ocr_line' id='line_1_20' title="bbox 248 3419 1657 3516; baseline 0 -24"><span class='ocrx_word' id='word_1_152' title='bbox 248 3421 420 3494; x_wconf 89' lang='lat' dir='ltr'><strong>territorio</strong></span> <span class='ocrx_word' id='word_1_153' title='bbox 455 3421 725 3511; x_wconf 85' lang='lat' dir='ltr'><strong>Calatanixette‚</strong></span> <span class='ocrx_word' id='word_1_154' title='bbox 755 3421 844 3493; x_wconf 90' lang='lat' dir='ltr'><strong>sicut</strong></span> <span class='ocrx_word' id='word_1_155' title='bbox 868 3422 971 3516; x_wconf 91' lang='lat' dir='ltr'><strong>plene</strong></span> <span class='ocrx_word' id='word_1_156' title='bbox 1003 3420 1201 3492; x_wconf 86' lang='lat' dir='ltr'><strong>continetur</strong></span> <span class='ocrx_word' id='word_1_157' title='bbox 1233 3419 1270 3491; x_wconf 92' lang='lat' dir='ltr'><strong>in</strong></span> <span class='ocrx_word' id='word_1_158' title='bbox 1297 3420 1478 3515; x_wconf 82' lang='lat' dir='ltr'><strong>privilegio</strong></span> <span class='ocrx_word' id='word_1_159' title='bbox 1510 3420 1657 3516; x_wconf 91' lang='lat' dir='ltr'><strong>predicti</strong></span> 
     </span>
     <span class='ocr_line' id='line_1_21' title="bbox 247 3544 1654 3639; baseline -0.002 -20"><span class='ocrx_word' id='word_1_160' title='bbox 247 3545 378 3619; x_wconf 91' lang='lat' dir='ltr'><strong>domini</strong></span> <span class='ocrx_word' id='word_1_161' title='bbox 403 3545 496 3639; x_wconf 81' lang='lat' dir='ltr'><strong>regis</strong></span> <span class='ocrx_word' id='word_1_162' title='bbox 515 3545 689 3618; x_wconf 89' lang='lat' dir='ltr'><strong>Guillelmi</strong></span> <span class='ocrx_word' id='word_1_163' title='bbox 713 3545 871 3618; x_wconf 84' lang='lat' dir='ltr'><strong>confecto</strong></span> <span class='ocrx_word' id='word_1_164' title='bbox 894 3545 1023 3618; x_wconf 86' lang='lat' dir='ltr'><strong>exinde</strong></span> <span class='ocrx_word' id='word_1_165' title='bbox 1040 3544 1242 3617; x_wconf 82' lang='lat' dir='ltr'><strong>Alexandro</strong></span> <span class='ocrx_word' id='word_1_166' title='bbox 1264 3544 1422 3639; x_wconf 88' lang='lat' dir='ltr'><strong>predicto</strong></span> <span class='ocrx_word' id='word_1_167' title='bbox 1445 3553 1481 3617; x_wconf 89' lang='lat' dir='ltr'><strong>et</strong></span> <span class='ocrx_word' id='word_1_168' title='bbox 1499 3545 1654 3634; x_wconf 85' lang='lat' dir='ltr'><strong>indultu,</strong></span> 
     </span>
     <span class='ocr_line' id='line_1_22' title="bbox 246 3668 1657 3765; baseline -0.001 -24"><span class='ocrx_word' id='word_1_169' title='bbox 246 3681 286 3742; x_wconf 88' lang='lat' dir='ltr'><strong>ut</strong></span> <span class='ocrx_word' id='word_1_170' title='bbox 301 3678 419 3742; x_wconf 88' lang='lat' dir='ltr'><strong>nostre</strong></span> <span class='ocrx_word' id='word_1_171' title='bbox 439 3669 611 3764; x_wconf 87' lang='lat' dir='ltr'><strong>majestati</strong></span> <span class='ocrx_word' id='word_1_172' title='bbox 628 3669 712 3742; x_wconf 89' lang='lat' dir='ltr'><strong>satis</strong></span> <span class='ocrx_word' id='word_1_173' title='bbox 727 3671 831 3765; x_wconf 89' lang='lat' dir='ltr'><strong>plane</strong></span> <span class='ocrx_word' id='word_1_174' title='bbox 847 3668 1018 3760; x_wconf 89' lang='lat' dir='ltr'><strong>constitit,</strong></span> <span class='ocrx_word' id='word_1_175' title='bbox 1038 3678 1074 3741; x_wconf 91' lang='lat' dir='ltr'><strong>et</strong></span> <span class='ocrx_word' id='word_1_176' title='bbox 1091 3669 1204 3740; x_wconf 87' lang='lat' dir='ltr'><strong>casale</strong></span> <span class='ocrx_word' id='word_1_177' title='bbox 1225 3668 1339 3764; x_wconf 88' lang='lat' dir='ltr'><strong>ipsum</strong></span> <span class='ocrx_word' id='word_1_178' title='bbox 1360 3678 1478 3739; x_wconf 90' lang='lat' dir='ltr'><strong>teneat</strong></span> <span class='ocrx_word' id='word_1_179' title='bbox 1494 3679 1531 3740; x_wconf 92' lang='lat' dir='ltr'><strong>et</strong></span> <span class='ocrx_word' id='word_1_180' title='bbox 1547 3669 1657 3764; x_wconf 92' lang='lat' dir='ltr'><strong>possi·</strong></span> 
     </span>
     <span class='ocr_line' id='line_1_23' title="bbox 243 3792 1653 3888; baseline -0.001 -23"><span class='ocrx_word' id='word_1_181' title='bbox 243 3792 325 3867; x_wconf 90' lang='lat' dir='ltr'><strong>deat</strong></span> <span class='ocrx_word' id='word_1_182' title='bbox 333 3795 429 3888; x_wconf 90' lang='lat' dir='ltr'><strong>justo</strong></span> <span class='ocrx_word' id='word_1_183' title='bbox 444 3793 561 3882; x_wconf 89' lang='lat' dir='ltr'><strong>titulo,</strong></span> <span class='ocrx_word' id='word_1_184' title='bbox 576 3793 741 3866; x_wconf 88' lang='lat' dir='ltr'><strong>videlicet</strong></span> <span class='ocrx_word' id='word_1_185' title='bbox 757 3793 951 3866; x_wconf 88' lang='lat' dir='ltr'><strong>successive</strong></span> <span class='ocrx_word' id='word_1_186' title='bbox 968 3815 1014 3866; x_wconf 83' lang='lat' dir='ltr'><strong>ex</strong></span> <span class='ocrx_word' id='word_1_187' title='bbox 1027 3793 1253 3865; x_wconf 86' lang='lat' dir='ltr'><strong>concessione</strong></span> <span class='ocrx_word' id='word_1_188' title='bbox 1269 3793 1393 3887; x_wconf 88' lang='lat' dir='ltr'><strong>prelati</strong></span> <span class='ocrx_word' id='word_1_189' title='bbox 1403 3792 1569 3864; x_wconf 90' lang='lat' dir='ltr'><strong>avunculi</strong></span> <span class='ocrx_word' id='word_1_190' title='bbox 1579 3793 1653 3884; x_wconf 89' lang='lat' dir='ltr'><strong>sui,</strong></span> 
     </span>
     <span class='ocr_line' id='line_1_24' title="bbox 246 3916 1652 4014; baseline -0.002 -24"><span class='ocrx_word' id='word_1_191' title='bbox 246 3918 360 3990; x_wconf 87' lang='lat' dir='ltr'><strong>casalo</strong></span> <span class='ocrx_word' id='word_1_192' title='bbox 380 3917 575 4014; x_wconf 87' lang='lat' dir='ltr'><strong>predictum</strong></span> <span class='ocrx_word' id='word_1_193' title='bbox 601 3917 667 3989; x_wconf 90' lang='lat' dir='ltr'><strong>sibi</strong></span> <span class='ocrx_word' id='word_1_194' title='bbox 689 3927 725 3989; x_wconf 87' lang='lat' dir='ltr'><strong>ot</strong></span> <span class='ocrx_word' id='word_1_195' title='bbox 746 3916 935 3990; x_wconf 89' lang='lat' dir='ltr'><strong>heredibus</strong></span> <span class='ocrx_word' id='word_1_196' title='bbox 958 3917 1030 3990; x_wconf 89' lang='lat' dir='ltr'><strong>suis</strong></span> <span class='ocrx_word' id='word_1_197' title='bbox 1054 3916 1468 4008; x_wconf 81' lang='lat' dir='ltr'><strong>confirmarahenignius</strong></span> <span class='ocrx_word' id='word_1_198' title='bbox 1495 3916 1652 4008; x_wconf 82' lang='lat' dir='ltr'><strong>dignare·</strong></span> 
     </span>
     <span class='ocr_line' id='line_1_25' title="bbox 247 4037 1655 4136; baseline 0 -25"><span class='ocrx_word' id='word_1_199' title='bbox 247 4061 337 4112; x_wconf 92' lang='lat' dir='ltr'><strong>mur.</strong></span> <span class='ocrx_word' id='word_1_200' title='bbox 353 4043 424 4114; x_wconf 92' lang='lat' dir='ltr'><strong>Nos</strong></span> <span class='ocrx_word' id='word_1_201' title='bbox 446 4052 565 4114; x_wconf 86' lang='lat' dir='ltr'><strong>autem</strong></span> <span class='ocrx_word' id='word_1_202' title='bbox 580 4040 840 4114; x_wconf 81' lang='lat' dir='ltr'><strong>considerantes</strong></span> <span class='ocrx_word' id='word_1_203' title='bbox 852 4051 951 4134; x_wconf 82' lang='lat' dir='ltr'><strong>grata</strong></span> <span class='ocrx_word' id='word_1_204' title='bbox 968 4041 1164 4114; x_wconf 86' lang='lat' dir='ltr'><strong>devotionis</strong></span> <span class='ocrx_word' id='word_1_205' title='bbox 1182 4041 1348 4134; x_wconf 89' lang='lat' dir='ltr'><strong>obsequia</strong></span> <span class='ocrx_word' id='word_1_206' title='bbox 1362 4039 1458 4133; x_wconf 87' lang='lat' dir='ltr'><strong>qnod</strong></span> <span class='ocrx_word' id='word_1_207' title='bbox 1471 4037 1549 4136; x_wconf 82' lang='lat' dir='ltr'><strong>(sic)</strong></span> <span class='ocrx_word' id='word_1_208' title='bbox 1562 4040 1655 4112; x_wconf 87' lang='lat' dir='ltr'><strong>idem</strong></span> 
     </span>
     <span class='ocr_line' id='line_1_26' title="bbox 246 4163 1658 4262; baseline -0.001 -25"><span class='ocrx_word' id='word_1_209' title='bbox 246 4164 405 4237; x_wconf 74' lang='lat' dir='ltr'><strong>Mothous</strong></span> <span class='ocrx_word' id='word_1_210' title='bbox 418 4166 569 4262; x_wconf 88' lang='lat' dir='ltr'><strong>Vulpilla</strong></span> <span class='ocrx_word' id='word_1_211' title='bbox 584 4164 696 4237; x_wconf 85' lang='lat' dir='ltr'><strong>fidelis</strong></span> <span class='ocrx_word' id='word_1_212' title='bbox 711 4174 830 4236; x_wconf 90' lang='lat' dir='ltr'><strong>noster</strong></span> <span class='ocrx_word' id='word_1_213' title='bbox 846 4164 1013 4236; x_wconf 89' lang='lat' dir='ltr'><strong>haetenus</strong></span> <span class='ocrx_word' id='word_1_214' title='bbox 1026 4165 1175 4261; x_wconf 88' lang='lat' dir='ltr'><strong>prestitit</strong></span> <span class='ocrx_word' id='word_1_215' title='bbox 1189 4174 1224 4236; x_wconf 92' lang='lat' dir='ltr'><strong>et</strong></span> <span class='ocrx_word' id='word_1_216' title='bbox 1235 4173 1367 4260; x_wconf 85' lang='lat' dir='ltr'><strong>prestat</strong></span> <span class='ocrx_word' id='word_1_217' title='bbox 1380 4163 1519 4236; x_wconf 88' lang='lat' dir='ltr'><strong>assidue</strong></span> <span class='ocrx_word' id='word_1_218' title='bbox 1533 4165 1658 4256; x_wconf 85' lang='lat' dir='ltr'><strong>majes-</strong></span> 
     </span>
     <span class='ocr_line' id='line_1_27' title="bbox 249 4283 1657 4384; baseline -0.001 -24"><span class='ocrx_word' id='word_1_219' title='bbox 249 4288 311 4360; x_wconf 85' lang='lat' dir='ltr'><strong>tati</strong></span> <span class='ocrx_word' id='word_1_220' title='bbox 327 4297 445 4360; x_wconf 91' lang='lat' dir='ltr'><strong>uostre</strong></span> <span class='ocrx_word' id='word_1_221' title='bbox 463 4299 499 4360; x_wconf 92' lang='lat' dir='ltr'><strong>et</strong></span> <span class='ocrx_word' id='word_1_222' title='bbox 520 4291 635 4362; x_wconf 87' lang='lat' dir='ltr'><strong>lacera</strong></span> <span class='ocrx_word' id='word_1_223' title='bbox 655 4287 783 4383; x_wconf 91' lang='lat' dir='ltr'><strong>poterit</strong></span> <span class='ocrx_word' id='word_1_224' title='bbox 801 4283 851 4383; x_wconf 88' lang='lat' dir='ltr'><strong>(o)</strong></span> <span class='ocrx_word' id='word_1_225' title='bbox 868 4287 991 4359; x_wconf 89' lang='lat' dir='ltr'><strong>melius</strong></span> <span class='ocrx_word' id='word_1_226' title='bbox 1010 4288 1045 4358; x_wconf 93' lang='lat' dir='ltr'><strong>in</strong></span> <span class='ocrx_word' id='word_1_227' title='bbox 1064 4288 1235 4378; x_wconf 83' lang='lat' dir='ltr'><strong>futurum,</strong></span> <span class='ocrx_word' id='word_1_228' title='bbox 1256 4287 1327 4359; x_wconf 90' lang='lat' dir='ltr'><strong>suis</strong></span> <span class='ocrx_word' id='word_1_229' title='bbox 1347 4287 1657 4384; x_wconf 82' lang='lat' dir='ltr'><strong>supplicationibus</strong></span> 
     </span>
     <span class='ocr_line' id='line_1_28' title="bbox 248 4410 1658 4507; baseline -0.001 -25"><span class='ocrx_word' id='word_1_230' title='bbox 248 4411 415 4503; x_wconf 85' lang='lat' dir='ltr'><strong>inclinati,</strong></span> <span class='ocrx_word' id='word_1_231' title='bbox 433 4423 663 4485; x_wconf 89' lang='lat' dir='ltr'><strong>memoratum</strong></span> <span class='ocrx_word' id='word_1_232' title='bbox 677 4412 804 4503; x_wconf 90' lang='lat' dir='ltr'><strong>casale,</strong></span> <span class='ocrx_word' id='word_1_233' title='bbox 820 4422 923 4506; x_wconf 91' lang='lat' dir='ltr'><strong>prout</strong></span> <span class='ocrx_word' id='word_1_234' title='bbox 937 4412 972 4483; x_wconf 92' lang='lat' dir='ltr'><strong>in</strong></span> <span class='ocrx_word' id='word_1_235' title='bbox 989 4412 1169 4507; x_wconf 77' lang='lat' dir='ltr'><strong>privilegio</strong></span> <span class='ocrx_word' id='word_1_236' title='bbox 1183 4411 1416 4484; x_wconf 89' lang='lat' dir='ltr'><strong>concessionis</strong></span> <span class='ocrx_word' id='word_1_237' title='bbox 1429 4412 1512 4485; x_wconf 90' lang='lat' dir='ltr'><strong>dicti</strong></span> <span class='ocrx_word' id='word_1_238' title='bbox 1526 4410 1658 4484; x_wconf 90' lang='lat' dir='ltr'><strong>domini</strong></span> 
     </span>
     <span class='ocr_line' id='line_1_29' title="bbox 248 4535 1659 4633; baseline 0.001 -26"><span class='ocrx_word' id='word_1_239' title='bbox 248 4536 341 4630; x_wconf 78' lang='lat' dir='ltr'><strong>regis</strong></span> <span class='ocrx_word' id='word_1_240' title='bbox 366 4536 503 4632; x_wconf 91' lang='lat' dir='ltr'><strong>plenius</strong></span> <span class='ocrx_word' id='word_1_241' title='bbox 527 4547 562 4609; x_wconf 95' lang='lat' dir='ltr'><strong>et</strong></span> <span class='ocrx_word' id='word_1_242' title='bbox 583 4537 738 4633; x_wconf 89' lang='lat' dir='ltr'><strong>apertius</strong></span> <span class='ocrx_word' id='word_1_243' title='bbox 767 4535 1019 4628; x_wconf 59' lang='lat' dir='ltr'><strong>distinguitur,</strong></span> <span class='ocrx_word' id='word_1_244' title='bbox 1035 4537 1150 4610; x_wconf 93' lang='lat' dir='ltr'><strong>eidem</strong></span> <span class='ocrx_word' id='word_1_245' title='bbox 1176 4537 1314 4610; x_wconf 88' lang='lat' dir='ltr'><strong>Matheo</strong></span> <span class='ocrx_word' id='word_1_246' title='bbox 1336 4536 1487 4631; x_wconf 84' lang='lat' dir='ltr'><strong>Vulpilla</strong></span> <span class='ocrx_word' id='word_1_247' title='bbox 1521 4547 1556 4608; x_wconf 88' lang='lat' dir='ltr'><strong>et</strong></span> <span class='ocrx_word' id='word_1_248' title='bbox 1588 4536 1659 4609; x_wconf 91' lang='lat' dir='ltr'><strong>suis</strong></span> 
     </span>
    </p>
   </div>
   <div class='ocr_carea' id='block_1_8' title="bbox 291 4685 640 4791">
    <p class='ocr_par' dir='ltr' id='par_1_8' title="bbox 291 4685 640 4791">
     <span class='ocr_line' id='line_1_30' title="bbox 291 4685 640 4791; baseline 0.011 -23"><span class='ocrx_word' id='word_1_249' title='bbox 291 4708 334 4790; x_wconf 82' lang='lat' dir='ltr'><strong>(a)</strong></span> <span class='ocrx_word' id='word_1_250' title='bbox 353 4685 390 4772; x_wconf 79' lang='lat' dir='ltr'><strong>ln</strong></span> <span class='ocrx_word' id='word_1_251' title='bbox 404 4713 546 4789; x_wconf 85' lang='lat' dir='ltr'><strong>impresso</strong></span> <span class='ocrx_word' id='word_1_252' title='bbox 553 4687 640 4791; x_wconf 78' lang='lat' dir='ltr'><strong>petit.</strong></span> 
     </span>
    </p>
   </div>
   <div class='ocr_carea' id='block_1_9' title="bbox 0 0 2181 5904">
    <p class='ocr_par' dir='ltr' id='par_1_9' title="bbox 0 0 2181 5904">
     <span class='ocr_line' id='line_1_31' title="bbox 0 0 2181 5904; baseline 0 0"><span class='ocrx_word' id='word_1_253' title='bbox 0 0 2181 5904; x_wconf 95' lang='lat' dir='ltr'><strong> </strong></span> 
     </span>
    </p>
   </div>
  </div>
 </body>
</html>
