4300 5916
239 615 342 676 116161.
356 613 404 690 4.]
690 609 887 672 utsrottln
912 605 1206 671 blrbottanlcu.
1588 603 1650 666 865

241 760 278 822 et
306 757 462 821 nostram
486 767 524 818 se
549 745 686 818 noverit
705 744 936 816 incursurum.
966 742 1022 816 Ad
1042 743 1141 834 cujus
1159 741 1210 814 rei
1223 739 1425 812 memoriam
1441 748 1477 810 et
1489 739 1649 812 stabilem

240 872 458 962 firmitatem,
478 869 658 965 privilegia
672 869 849 940 nominata
862 869 908 940 de
923 867 1033 942 verbo
1048 866 1251 938 adverbum
1268 862 1438 936 conscribi
1453 863 1599 935 fecimus
1614 873 1653 934 et

241 996 354 1090 sigillo
370 1003 488 1068 nostre
500 992 695 1064 serenitatis
703 991 870 1085 jussimus
885 989 1104 1063 communiri.

290 1121 417 1191 Datum
442 1116 538 1212 apud
564 1115 785 1206 Nurimberc,
821 1136 914 1187 anno
941 1113 1114 1187 dominice
1144 1110 1391 1184 incarnationis
1422 1109 1536 1183 mm.
1544 1109 1645 1198 XLV,

240 1244 364 1317 ultimo
379 1239 599 1330 novembris,
620 1251 744 1332 quarte
756 1237 966 1311 indictionis.

640 1887 751 1950 tullo
778 1883 1200 1949 (Μὰ-1161611616
1224 1883 1253 1944 4.

295 2352 512 2459 Conradus‚
542 2351 582 2433 in
616 2351 875 2435 Romanorum
912 2375 1042 2460 regem
1079 2349 1243 2455 electus,
1275 2350 1462 2432 universis
1498 2350 1647 2458 imperii
1675 2372 1853 2483 epm.

240 2483 416 2566 fidelibus
435 2482 604 2567 notificat
621 2483 762 2592 quibus
780 2483 1060 2566 conditionibus
1080 2492 1264 2566 tractatus
1279 2481 1490 2564 amicabilis
1509 2508 1647 2592 super-

241 2617 387 2699 venerit
403 2617 451 2698 de
468 2616 658 2718 discordia
680 2643 779 2725 quae
803 2617 901 2698 inter
931 2616 1031 2699 cives
1049 2615 1354 2698 Wormacienses
1372 2627 1408 2697 et
1426 2615 1646 2724 Philippum

241 2751 288 2832 (16
314 2747 526 2831 llobenvels
549 2749 755 2858 imperialis
778 2748 888 2832 aulae
901 2749 1154 2860 camerarium
1172 2747 1401 2851 vertebatur,
1421 2749 1646 2855 promittens

240 2883 272 2963 si
305 2881 433 2991 alique
466 2881 632 2989 partium
664 2890 797 2964 contra
827 2890 981 2990 pactum
1012 2881 1236 2964 concordiae
1253 2878 1411 2985 venerit,
1432 2906 1473 2962 se
1490 2880 1646 2963 viriliter

242 3013 350 3096 alteri
371 3015 470 3122 parti
489 3025 612 3097 astare
630 3013 739 3097 velle.

322 3254 424 3334 (bdld.
440 3255 476 3315 F.
491 3255 649 3331 1166111111,
662 3254 767 3315 Fontes
779 3271 837 3314 rer.
858 3252 967 3330 Germ„
984 3263 1007 3316 t.
1025 3255 1073 3334 11,
1086 3273 1117 3332 p.
1134 3263 1204 3327 665,
1220 3263 1253 3314 n⁰
1269 3253 1331 3332 tu.)

288 3463 486 3554 Cunradns,
512 3463 585 3536 divi
607 3464 745 3556 augusti
761 3462 978 3558 imperatoris
996 3463 1160 3534 Friderici
1182 3461 1293 3551 lilius,
1311 3462 1373 3534 Dei
1387 3464 1504 3554 gracia
1520 3463 1645 3535 1161116-

240 3607 367 3660 norum
390 3587 426 3656 in
443 3587 724 3679 regemelectus,
745 3607 883 3681 semper
898 3598 1064 3680 augustus
1078 3596 1114 3658 et
1127 3585 1230 3658 beres
1247 3586 1345 3677 regni
1360 3585 1563 3659 Jerusalem.
1583 3589 1647 3660 Per

240 3732 386 3808 presens
411 3710 577 3805 scriptum
602 3721 723 3782 notum
750 3731 826 3782 esse
850 3711 1012 3782 volumus
1031 3709 1202 3782 universis
1224 3709 1358 3803 imperii
1384 3709 1544 3784 fidelibus
1575 3723 1645 3784 tam

239 3834 458 3930 presentibus
470 3855 576 3926 611661
589 3834 714 3906 suturis
728 3833 824 3927 quod
838 3854 920 3904 curn
933 3834 1023 3905 inter
1038 3834 1133 3906 cives
1148 3842 1185 3905 et
1199 3830 1320 3905 fideles
1334 3845 1471 3906 nostros
1485 3836 1645 3907 Warma·

239 3959 374 4032 cieuses
391 3968 427 4031 et
446 3958 642 4054 Philippum
655 3958 700 4031 de
713 3958 931 4049 Hohenvels,
949 3956 1136 4052 imperialis
1149 3958 1229 4029 aule
1244 3957 1487 4047 camerarium,
1508 3959 1646 4052 publica

241 4081 414 4157 discordia
430 4092 637 4174 verteretur,
648 4083 693 4154 ds
710 4082 874 4154 mandato
890 4091 924 4152 el
938 4081 1154 4178 plenitudine
1168 4081 1356 4154 voluntatis
1372 4091 1490 4153 nostre
1503 4102 1545 4153 ac
1560 4102 1645 4154 oon·

241 4207 447 4282 siliariornm
466 4216 687 4295 nostrorum,
710 4205 873 4278 videlicet
889 4205 1063 4276 Krastonis
1085 4206 1129 4277 de
1148 4206 1386 4297 Boegesberg,
1402 4205 1552 4278 Cunradi
1566 4203 1646 4300 pin·

241 4348 347 4401 cerne
363 4328 408 4401 de
423 4329 642 4423 Clinginberg
655 4330 844 4403 etWalteri
860 4330 1025 4424 pincerne
1038 4329 1082 4402 de
1096 4329 1293 4420 limborch,
1309 4328 1482 4402 amicabili
1499 4339 1646 4402 tractatu

241 4452 526 4547 superveniente,
546 4453 593 4526 ad
611 4454 810 4546 hujusmodi
828 4466 967 4548 pactum
997 4455 1091 4547 pacis
1116 4463 1152 4526 et
1165 4452 1263 4525 firme
1278 4452 1462 4526 concordie
1475 4473 1647 4548 pervene-

241 4586 325 4649 runt
344 4577 379 4648 in
400 4577 574 4672 presentia
593 4590 732 4668 nostra,
751 4577 913 4652 videlicet
928 4577 1185 4670 quodlacobus
1205 4577 1318 4649 dictus
1330 4579 1424 4672 llapa
1443 4578 1489 4650 do
1510 4577 1644 4670 Almia,

239 4719 262 4771 a
278 4720 349 4794 quo
366 4700 440 4796 ipsa
458 4700 629 4800 discordia
650 4702 795 4796 sumpsit
807 4700 1009 4791 exordium,
1026 4701 1167 4773 feodum
1182 4722 1283 4772 suum
1295 4710 1470 4774 castrense
1482 4700 1529 4775 ad
1545 4700 1647 4797 Lupi·
