<?xml version="1.0" encoding="UTF-8"?>
<!DOCTYPE html PUBLIC "-//W3C//DTD XHTML 1.0 Transitional//EN"
    "http://www.w3.org/TR/xhtml1/DTD/xhtml1-transitional.dtd">
<html xmlns="http://www.w3.org/1999/xhtml" xml:lang="en" lang="en">
 <head>
  <title>
</title>
<meta http-equiv="Content-Type" content="text/html;charset=utf-8" />
  <meta name='ocr-system' content='tesseract 3.04.00' />
  <meta name='ocr-capabilities' content='ocr_page ocr_carea ocr_par ocr_line ocrx_word'/>
</head>
<body>
  <div class='ocr_page' id='page_1' title='image "./historiadiploma00fredgoog/historiadiploma00fredgoog_0094.png"; bbox 0 0 4306 5914; ppageno 0'>
   <div class='ocr_carea' id='block_1_1' title="bbox 203 667 1611 749">
    <p class='ocr_par' dir='ltr' id='par_1_1' title="bbox 203 667 1611 749">
     <span class='ocr_line' id='line_1_1' title="bbox 203 667 1611 749; baseline -0.001 -15"><span class='ocrx_word' id='word_1_1' title='bbox 203 675 305 734; x_wconf 83' lang='lat' dir='ltr'><strong>litetur.</strong></span> <span class='ocrx_word' id='word_1_2' title='bbox 321 671 368 749; x_wconf 84' lang='lat'><strong>6.]</strong></span> <span class='ocrx_word' id='word_1_3' title='bbox 651 667 851 729; x_wconf 78' lang='lat' dir='ltr'>HISTORIA</span> <span class='ocrx_word' id='word_1_4' title='bbox 874 670 1169 734; x_wconf 75' lang='lat' dir='ltr'><strong>blrtomtttctt.</strong></span> <span class='ocrx_word' id='word_1_5' title='bbox 1549 669 1611 732; x_wconf 75' lang='lat'><strong>629</strong></span> 
     </span>
    </p>
   </div>
   <div class='ocr_carea' id='block_1_2' title="bbox 203 799 1610 1025">
    <p class='ocr_par' dir='ltr' id='par_1_2' title="bbox 203 799 1610 1025">
     <span class='ocr_line' id='line_1_2' title="bbox 204 799 1610 901; baseline -0.003 -23"><span class='ocrx_word' id='word_1_6' title='bbox 204 829 283 878; x_wconf 91' lang='lat' dir='ltr'><strong>mus</strong></span> <span class='ocrx_word' id='word_1_7' title='bbox 297 801 470 876; x_wconf 88' lang='lat' dir='ltr'><strong>universis</strong></span> <span class='ocrx_word' id='word_1_8' title='bbox 483 801 618 898; x_wconf 89' lang='lat' dir='ltr'><strong>imperii</strong></span> <span class='ocrx_word' id='word_1_9' title='bbox 630 799 791 874; x_wconf 85' lang='lat' dir='ltr'><strong>fidelibus</strong></span> <span class='ocrx_word' id='word_1_10' title='bbox 810 812 879 874; x_wconf 89' lang='lat' dir='ltr'><strong>tam</strong></span> <span class='ocrx_word' id='word_1_11' title='bbox 895 807 1113 899; x_wconf 81' lang='lat' dir='ltr'>presentibus</span> <span class='ocrx_word' id='word_1_12' title='bbox 1130 827 1235 901; x_wconf 87' lang='lat' dir='ltr'><strong>quam</strong></span> <span class='ocrx_word' id='word_1_13' title='bbox 1249 805 1373 878; x_wconf 91' lang='lat' dir='ltr'><strong>luturis</strong></span> <span class='ocrx_word' id='word_1_14' title='bbox 1389 803 1485 898; x_wconf 90' lang='lat' dir='ltr'><strong>quod</strong></span> <span class='ocrx_word' id='word_1_15' title='bbox 1496 804 1610 876; x_wconf 89' lang='lat' dir='ltr'><strong>Ortol·</strong></span> 
     </span>
     <span class='ocr_line' id='line_1_3' title="bbox 203 922 1610 1025; baseline -0.001 -23"><span class='ocrx_word' id='word_1_16' title='bbox 203 932 261 1002; x_wconf 86' lang='lat' dir='ltr'><strong>lus</strong></span> <span class='ocrx_word' id='word_1_17' title='bbox 278 927 487 1002; x_wconf 85' lang='lat' dir='ltr'><strong>venerahilis</strong></span> <span class='ocrx_word' id='word_1_18' title='bbox 503 926 697 998; x_wconf 89' lang='lat' dir='ltr'><strong>Gerstensis</strong></span> <span class='ocrx_word' id='word_1_19' title='bbox 708 922 760 1022; x_wconf 88' lang='lat' dir='ltr'><strong>(a)</strong></span> <span class='ocrx_word' id='word_1_20' title='bbox 776 926 897 1018; x_wconf 86' lang='lat' dir='ltr'><strong>abbas,</strong></span> <span class='ocrx_word' id='word_1_21' title='bbox 918 931 1142 1025; x_wconf 81' lang='lat' dir='ltr'>cappellanus</span> <span class='ocrx_word' id='word_1_22' title='bbox 1156 940 1192 1001; x_wconf 90' lang='lat' dir='ltr'><strong>et</strong></span> <span class='ocrx_word' id='word_1_23' title='bbox 1209 929 1320 1002; x_wconf 89' lang='lat' dir='ltr'><strong>fidelis</strong></span> <span class='ocrx_word' id='word_1_24' title='bbox 1329 939 1459 1019; x_wconf 87' lang='lat' dir='ltr'><strong>noster,</strong></span> <span class='ocrx_word' id='word_1_25' title='bbox 1475 927 1521 1000; x_wconf 94' lang='lat' dir='ltr'><strong>ad</strong></span> <span class='ocrx_word' id='word_1_26' title='bbox 1530 949 1610 1024; x_wconf 90' lang='lat' dir='ltr'><strong>pre·</strong></span> 
     </span>
    </p>
   </div>
   <div class='ocr_carea' id='block_1_3' title="bbox 206 1047 1632 4237">
    <p class='ocr_par' dir='ltr' id='par_1_3' title="bbox 206 1047 1614 1644">
     <span class='ocr_line' id='line_1_4' title="bbox 206 1047 1612 1151; baseline -0.002 -26"><span class='ocrx_word' id='word_1_27' title='bbox 206 1053 352 1126; x_wconf 86' lang='lat' dir='ltr'><strong>sentiam</strong></span> <span class='ocrx_word' id='word_1_28' title='bbox 369 1060 522 1124; x_wconf 92' lang='lat' dir='ltr'><strong>nostram</strong></span> <span class='ocrx_word' id='word_1_29' title='bbox 537 1047 770 1147; x_wconf 90' lang='lat' dir='ltr'><strong>accedens(l)</strong></span> <span class='ocrx_word' id='word_1_30' title='bbox 792 1051 969 1143; x_wconf 87' lang='lat' dir='ltr'>quoddam</span> <span class='ocrx_word' id='word_1_31' title='bbox 990 1055 1156 1151; x_wconf 91' lang='lat' dir='ltr'><strong>scriptum</strong></span> <span class='ocrx_word' id='word_1_32' title='bbox 1177 1066 1299 1151; x_wconf 82' lang='lat' dir='ltr'><strong>patens</strong></span> <span class='ocrx_word' id='word_1_33' title='bbox 1320 1075 1382 1149; x_wconf 89' lang='lat' dir='ltr'><strong>per</strong></span> <span class='ocrx_word' id='word_1_34' title='bbox 1402 1053 1612 1125; x_wconf 89' lang='lat' dir='ltr'><strong>Fridericum</strong></span> 
     </span>
     <span class='ocr_line' id='line_1_5' title="bbox 206 1173 1612 1273; baseline -0.001 -25"><span class='ocrx_word' id='word_1_35' title='bbox 206 1175 385 1271; x_wconf 88' lang='lat' dir='ltr'><strong>quondam</strong></span> <span class='ocrx_word' id='word_1_36' title='bbox 401 1175 527 1247; x_wconf 86' lang='lat' dir='ltr'><strong>ducam</strong></span> <span class='ocrx_word' id='word_1_37' title='bbox 541 1174 680 1247; x_wconf 79' lang='lat' dir='ltr'><strong>Austrie</strong></span> <span class='ocrx_word' id='word_1_38' title='bbox 699 1183 733 1246; x_wconf 88' lang='lat' dir='ltr'><strong>et</strong></span> <span class='ocrx_word' id='word_1_39' title='bbox 753 1173 866 1270; x_wconf 77' lang='lat' dir='ltr'><strong>styrie</strong></span> <span class='ocrx_word' id='word_1_40' title='bbox 888 1177 1097 1250; x_wconf 87' lang='lat' dir='ltr'><strong>monasterio</strong></span> <span class='ocrx_word' id='word_1_41' title='bbox 1114 1199 1177 1250; x_wconf 91' lang='lat' dir='ltr'><strong>suo</strong></span> <span class='ocrx_word' id='word_1_42' title='bbox 1193 1199 1298 1273; x_wconf 90' lang='lat' dir='ltr'><strong>super</strong></span> <span class='ocrx_word' id='word_1_43' title='bbox 1314 1176 1496 1249; x_wconf 88' lang='lat' dir='ltr'><strong>advocatia</strong></span> <span class='ocrx_word' id='word_1_44' title='bbox 1519 1176 1612 1267; x_wconf 87' lang='lat' dir='ltr'><strong>ejus·</strong></span> 
     </span>
     <span class='ocr_line' id='line_1_6' title="bbox 207 1295 1613 1394; baseline -0.001 -22"><span class='ocrx_word' id='word_1_45' title='bbox 207 1299 289 1372; x_wconf 90' lang='lat' dir='ltr'><strong>dem</strong></span> <span class='ocrx_word' id='word_1_46' title='bbox 300 1297 498 1371; x_wconf 87' lang='lat' dir='ltr'><strong>monasterii</strong></span> <span class='ocrx_word' id='word_1_47' title='bbox 513 1296 646 1369; x_wconf 93' lang='lat' dir='ltr'><strong>dudum</strong></span> <span class='ocrx_word' id='word_1_48' title='bbox 660 1295 848 1389; x_wconf 87' lang='lat' dir='ltr'><strong>indultum,</strong></span> <span class='ocrx_word' id='word_1_49' title='bbox 864 1300 1004 1372; x_wconf 82' lang='lat' dir='ltr'><strong>culmini</strong></span> <span class='ocrx_word' id='word_1_50' title='bbox 1017 1310 1135 1372; x_wconf 90' lang='lat' dir='ltr'><strong>nostro</strong></span> <span class='ocrx_word' id='word_1_51' title='bbox 1149 1301 1320 1391; x_wconf 84' lang='lat' dir='ltr'><strong>exhibuit,</strong></span> <span class='ocrx_word' id='word_1_52' title='bbox 1339 1300 1613 1394; x_wconf 85' lang='lat' dir='ltr'><strong>supplicavitque</strong></span> 
     </span>
     <span class='ocr_line' id='line_1_7' title="bbox 207 1420 1614 1516; baseline -0.001 -20"><span class='ocrx_word' id='word_1_53' title='bbox 207 1423 375 1496; x_wconf 88' lang='lat' dir='ltr'><strong>attentius</strong></span> <span class='ocrx_word' id='word_1_54' title='bbox 392 1421 587 1494; x_wconf 91' lang='lat' dir='ltr'><strong>celsitudini</strong></span> <span class='ocrx_word' id='word_1_55' title='bbox 605 1429 722 1493; x_wconf 87' lang='lat' dir='ltr'><strong>nostre</strong></span> <span class='ocrx_word' id='word_1_56' title='bbox 738 1431 778 1492; x_wconf 95' lang='lat' dir='ltr'><strong>ut</strong></span> <span class='ocrx_word' id='word_1_57' title='bbox 793 1422 909 1494; x_wconf 89' lang='lat' dir='ltr'><strong>omnia</strong></span> <span class='ocrx_word' id='word_1_58' title='bbox 934 1445 1002 1516; x_wconf 92' lang='lat' dir='ltr'><strong>que</strong></span> <span class='ocrx_word' id='word_1_59' title='bbox 1024 1424 1283 1496; x_wconf 74' lang='lat' dir='ltr'><strong>continerentur</strong></span> <span class='ocrx_word' id='word_1_60' title='bbox 1298 1425 1334 1495; x_wconf 93' lang='lat' dir='ltr'><strong>in</strong></span> <span class='ocrx_word' id='word_1_61' title='bbox 1350 1444 1392 1495; x_wconf 85' lang='lat' dir='ltr'><strong>eo</strong></span> <span class='ocrx_word' id='word_1_62' title='bbox 1409 1420 1614 1494; x_wconf 87' lang='lat' dir='ltr'><strong>confirmare</strong></span> 
     </span>
     <span class='ocr_line' id='line_1_8' title="bbox 208 1545 1530 1644; baseline -0.004 -24"><span class='ocrx_word' id='word_1_63' title='bbox 208 1546 254 1620; x_wconf 93' lang='lat' dir='ltr'><strong>de</strong></span> <span class='ocrx_word' id='word_1_64' title='bbox 270 1558 390 1619; x_wconf 90' lang='lat' dir='ltr'><strong>nostra</strong></span> <span class='ocrx_word' id='word_1_65' title='bbox 403 1546 514 1639; x_wconf 80' lang='lat' dir='ltr'><strong>gratia</strong></span> <span class='ocrx_word' id='word_1_66' title='bbox 530 1545 767 1638; x_wconf 78' lang='lat' dir='ltr'><strong>dignaremur3</strong></span> <span class='ocrx_word' id='word_1_67' title='bbox 787 1547 887 1639; x_wconf 89' lang='lat' dir='ltr'><strong>cujus</strong></span> <span class='ocrx_word' id='word_1_68' title='bbox 901 1546 1018 1642; x_wconf 89' lang='lat' dir='ltr'><strong>scripti</strong></span> <span class='ocrx_word' id='word_1_69' title='bbox 1034 1557 1132 1619; x_wconf 82' lang='lat' dir='ltr'><strong>tunm</strong></span> <span class='ocrx_word' id='word_1_70' title='bbox 1148 1548 1341 1644; x_wconf 90' lang='lat' dir='ltr'><strong>peremnia</strong></span> <span class='ocrx_word' id='word_1_71' title='bbox 1358 1548 1434 1620; x_wconf 91' lang='lat' dir='ltr'><strong>talis</strong></span> <span class='ocrx_word' id='word_1_72' title='bbox 1450 1557 1503 1619; x_wconf 88' lang='lat' dir='ltr'><strong>est</strong></span> <span class='ocrx_word' id='word_1_73' title='bbox 1521 1570 1530 1615; x_wconf 76' lang='grc' dir='ltr'><strong><em>ε</em></strong></span> 
     </span>
    </p>

    <p class='ocr_par' dir='ltr' id='par_1_4' title="bbox 208 1667 1632 4237">
     <span class='ocr_line' id='line_1_9' title="bbox 258 1667 1616 1766; baseline 0.001 -24"><span class='ocrx_word' id='word_1_74' title='bbox 258 1671 329 1742; x_wconf 89' lang='lat' dir='ltr'><strong>Nos</strong></span> <span class='ocrx_word' id='word_1_75' title='bbox 346 1669 538 1740; x_wconf 83' lang='lat' dir='ltr'><strong>Fridericus</strong></span> <span class='ocrx_word' id='word_1_76' title='bbox 557 1669 620 1740; x_wconf 86' lang='lat' dir='ltr'><strong>Dei</strong></span> <span class='ocrx_word' id='word_1_77' title='bbox 640 1667 749 1761; x_wconf 80' lang='lat' dir='ltr'><strong>gratia</strong></span> <span class='ocrx_word' id='word_1_78' title='bbox 770 1667 845 1740; x_wconf 82' lang='lat' dir='ltr'><strong>dux</strong></span> <span class='ocrx_word' id='word_1_79' title='bbox 863 1668 1002 1741; x_wconf 79' lang='lat' dir='ltr'><strong>Austrie</strong></span> <span class='ocrx_word' id='word_1_80' title='bbox 1024 1680 1060 1742; x_wconf 88' lang='lat' dir='ltr'><strong>et</strong></span> <span class='ocrx_word' id='word_1_81' title='bbox 1082 1671 1193 1765; x_wconf 81' lang='lat' dir='ltr'><strong>Styrie</strong></span> <span class='ocrx_word' id='word_1_82' title='bbox 1216 1681 1251 1743; x_wconf 88' lang='lat' dir='ltr'><strong>et</strong></span> <span class='ocrx_word' id='word_1_83' title='bbox 1273 1670 1434 1743; x_wconf 91' lang='lat' dir='ltr'><strong>dominus</strong></span> <span class='ocrx_word' id='word_1_84' title='bbox 1449 1671 1616 1766; x_wconf 79' lang='lat' dir='ltr'><strong>Carnyole</strong></span> 
     </span>
     <span class='ocr_line' id='line_1_10' title="bbox 208 1792 1617 1886; baseline 0.001 -20"><span class='ocrx_word' id='word_1_85' title='bbox 208 1803 334 1866; x_wconf 91' lang='lat' dir='ltr'><strong>notum</strong></span> <span class='ocrx_word' id='word_1_86' title='bbox 355 1793 499 1864; x_wconf 82' lang='lat' dir='ltr'><strong>facimus</strong></span> <span class='ocrx_word' id='word_1_87' title='bbox 520 1792 690 1866; x_wconf 84' lang='lat' dir='ltr'><strong>universis</strong></span> <span class='ocrx_word' id='word_1_88' title='bbox 712 1801 748 1864; x_wconf 89' lang='lat' dir='ltr'><strong>et</strong></span> <span class='ocrx_word' id='word_1_89' title='bbox 769 1793 972 1865; x_wconf 92' lang='lat' dir='ltr'><strong>nominatim</strong></span> <span class='ocrx_word' id='word_1_90' title='bbox 997 1793 1227 1886; x_wconf 80' lang='lat' dir='ltr'><strong>significamus</strong></span> <span class='ocrx_word' id='word_1_91' title='bbox 1247 1793 1364 1866; x_wconf 91' lang='lat' dir='ltr'><strong>Ottoni</strong></span> <span class='ocrx_word' id='word_1_92' title='bbox 1384 1792 1554 1866; x_wconf 86' lang='lat' dir='ltr'><strong>advocato</strong></span> <span class='ocrx_word' id='word_1_93' title='bbox 1572 1794 1617 1868; x_wconf 91' lang='lat' dir='ltr'><strong>de</strong></span> 
     </span>
     <span class='ocr_line' id='line_1_11' title="bbox 208 1914 1620 2010; baseline 0.001 -20"><span class='ocrx_word' id='word_1_94' title='bbox 208 1915 457 2010; x_wconf 78' lang='lat' dir='ltr'><strong>Lengenbach,</strong></span> <span class='ocrx_word' id='word_1_95' title='bbox 472 1915 630 1988; x_wconf 87' lang='lat' dir='ltr'><strong>Liutoldo</strong></span> <span class='ocrx_word' id='word_1_96' title='bbox 644 1926 680 1988; x_wconf 89' lang='lat' dir='ltr'><strong>et</strong></span> <span class='ocrx_word' id='word_1_97' title='bbox 691 1914 874 1988; x_wconf 80' lang='lat' dir='ltr'><strong>chunrado</strong></span> <span class='ocrx_word' id='word_1_98' title='bbox 888 1918 1051 1989; x_wconf 84' lang='lat' dir='ltr'><strong>iratribus</strong></span> <span class='ocrx_word' id='word_1_99' title='bbox 1069 1916 1113 1990; x_wconf 90' lang='lat' dir='ltr'><strong>de</strong></span> <span class='ocrx_word' id='word_1_100' title='bbox 1129 1917 1356 2009; x_wconf 81' lang='lat' dir='ltr'><strong>Altenburoh‚</strong></span> <span class='ocrx_word' id='word_1_101' title='bbox 1375 1917 1492 1990; x_wconf 90' lang='lat' dir='ltr'><strong>Ottoni</strong></span> <span class='ocrx_word' id='word_1_102' title='bbox 1508 1927 1543 1990; x_wconf 92' lang='lat' dir='ltr'><strong>et</strong></span> <span class='ocrx_word' id='word_1_103' title='bbox 1558 1920 1620 1991; x_wconf 92' lang='lat' dir='ltr'><strong>Or·</strong></span> 
     </span>
     <span class='ocr_line' id='line_1_12' title="bbox 209 2038 1619 2138; baseline 0 -24"><span class='ocrx_word' id='word_1_104' title='bbox 209 2042 335 2138; x_wconf 89' lang='lat' dir='ltr'><strong>tolpho</strong></span> <span class='ocrx_word' id='word_1_105' title='bbox 357 2041 402 2114; x_wconf 90' lang='lat' dir='ltr'><strong>de</strong></span> <span class='ocrx_word' id='word_1_106' title='bbox 424 2040 532 2113; x_wconf 87' lang='lat' dir='ltr'><strong>Greze</strong></span> <span class='ocrx_word' id='word_1_107' title='bbox 558 2049 594 2112; x_wconf 87' lang='lat' dir='ltr'><strong>et</strong></span> <span class='ocrx_word' id='word_1_108' title='bbox 614 2038 821 2112; x_wconf 86' lang='lat' dir='ltr'><strong>Gundakaro</strong></span> <span class='ocrx_word' id='word_1_109' title='bbox 843 2040 888 2112; x_wconf 93' lang='lat' dir='ltr'><strong>de</strong></span> <span class='ocrx_word' id='word_1_110' title='bbox 910 2042 1010 2136; x_wconf 77' lang='lat' dir='ltr'><strong>Styra</strong></span> <span class='ocrx_word' id='word_1_111' title='bbox 1033 2040 1129 2134; x_wconf 93' lang='lat' dir='ltr'><strong>quod</strong></span> <span class='ocrx_word' id='word_1_112' title='bbox 1151 2042 1347 2136; x_wconf 87' lang='lat' dir='ltr'><strong>accepimus</strong></span> <span class='ocrx_word' id='word_1_113' title='bbox 1367 2042 1619 2133; x_wconf 89' lang='lat' dir='ltr'><strong>querimoniam</strong></span> 
     </span>
     <span class='ocr_line' id='line_1_13' title="bbox 210 2163 1619 2260; baseline 0 -21"><span class='ocrx_word' id='word_1_114' title='bbox 210 2167 317 2240; x_wconf 92' lang='lat' dir='ltr'><strong>Ulrici</strong></span> <span class='ocrx_word' id='word_1_115' title='bbox 336 2165 471 2238; x_wconf 89' lang='lat' dir='ltr'><strong>abbatis</strong></span> <span class='ocrx_word' id='word_1_116' title='bbox 491 2173 527 2236; x_wconf 88' lang='lat' dir='ltr'><strong>et</strong></span> <span class='ocrx_word' id='word_1_117' title='bbox 548 2165 692 2236; x_wconf 82' lang='lat' dir='ltr'><strong>fratrum</strong></span> <span class='ocrx_word' id='word_1_118' title='bbox 713 2164 757 2236; x_wconf 93' lang='lat' dir='ltr'><strong>de</strong></span> <span class='ocrx_word' id='word_1_119' title='bbox 780 2163 922 2236; x_wconf 88' lang='lat' dir='ltr'><strong>Gersten</strong></span> <span class='ocrx_word' id='word_1_120' title='bbox 943 2185 1047 2259; x_wconf 88' lang='lat' dir='ltr'><strong>super</strong></span> <span class='ocrx_word' id='word_1_121' title='bbox 1067 2165 1200 2257; x_wconf 90' lang='lat' dir='ltr'><strong>injuriis</strong></span> <span class='ocrx_word' id='word_1_122' title='bbox 1220 2175 1255 2236; x_wconf 94' lang='lat' dir='ltr'><strong>et</strong></span> <span class='ocrx_word' id='word_1_123' title='bbox 1274 2165 1533 2258; x_wconf 82' lang='lat' dir='ltr'><strong>gravaminibus</strong></span> <span class='ocrx_word' id='word_1_124' title='bbox 1550 2189 1619 2260; x_wconf 89' lang='lat' dir='ltr'><strong>que</strong></span> 
     </span>
     <span class='ocr_line' id='line_1_14' title="bbox 211 2286 1619 2383; baseline 0 -21"><span class='ocrx_word' id='word_1_125' title='bbox 211 2290 279 2362; x_wconf 86' lang='lat' dir='ltr'><strong>sibi</strong></span> <span class='ocrx_word' id='word_1_126' title='bbox 301 2289 496 2362; x_wconf 81' lang='lat' dir='ltr'><strong>inserebant</strong></span> <span class='ocrx_word' id='word_1_127' title='bbox 512 2286 656 2383; x_wconf 79' lang='lat' dir='ltr'><strong>predicti</strong></span> <span class='ocrx_word' id='word_1_128' title='bbox 673 2286 862 2380; x_wconf 84' lang='lat' dir='ltr'><strong>etquidem</strong></span> <span class='ocrx_word' id='word_1_129' title='bbox 876 2287 935 2360; x_wconf 91' lang='lat' dir='ltr'><strong>alii</strong></span> <span class='ocrx_word' id='word_1_130' title='bbox 951 2288 1100 2361; x_wconf 88' lang='lat' dir='ltr'><strong>minores</strong></span> <span class='ocrx_word' id='word_1_131' title='bbox 1116 2289 1176 2383; x_wconf 93' lang='lat' dir='ltr'><strong>qui</strong></span> <span class='ocrx_word' id='word_1_132' title='bbox 1191 2311 1228 2359; x_wconf 89' lang='lat' dir='ltr'><strong>se</strong></span> <span class='ocrx_word' id='word_1_133' title='bbox 1245 2289 1408 2362; x_wconf 90' lang='lat' dir='ltr'><strong>dicebant</strong></span> <span class='ocrx_word' id='word_1_134' title='bbox 1427 2311 1489 2362; x_wconf 88' lang='lat' dir='ltr'><strong>sue</strong></span> <span class='ocrx_word' id='word_1_135' title='bbox 1507 2291 1619 2362; x_wconf 91' lang='lat' dir='ltr'><strong>eccle·</strong></span> 
     </span>
     <span class='ocr_line' id='line_1_15' title="bbox 212 2410 1621 2508; baseline 0 -21"><span class='ocrx_word' id='word_1_136' title='bbox 212 2415 265 2487; x_wconf 88' lang='lat' dir='ltr'><strong>sie</strong></span> <span class='ocrx_word' id='word_1_137' title='bbox 284 2412 485 2486; x_wconf 87' lang='lat' dir='ltr'><strong>advocatos.</strong></span> <span class='ocrx_word' id='word_1_138' title='bbox 503 2412 575 2483; x_wconf 89' lang='lat' dir='ltr'><strong>Nos</strong></span> <span class='ocrx_word' id='word_1_139' title='bbox 596 2411 702 2503; x_wconf 76' lang='lat' dir='ltr'><strong>igitur</strong></span> <span class='ocrx_word' id='word_1_140' title='bbox 718 2410 812 2484; x_wconf 90' lang='lat' dir='ltr'><strong>dictu</strong></span> <span class='ocrx_word' id='word_1_141' title='bbox 833 2412 950 2484; x_wconf 90' lang='lat' dir='ltr'><strong>abbati</strong></span> <span class='ocrx_word' id='word_1_142' title='bbox 969 2421 1005 2484; x_wconf 89' lang='lat' dir='ltr'><strong>et</strong></span> <span class='ocrx_word' id='word_1_143' title='bbox 1025 2413 1187 2484; x_wconf 84' lang='lat' dir='ltr'><strong>tratribus</strong></span> <span class='ocrx_word' id='word_1_144' title='bbox 1208 2412 1301 2484; x_wconf 88' lang='lat' dir='ltr'><strong>diem</strong></span> <span class='ocrx_word' id='word_1_145' title='bbox 1320 2411 1523 2508; x_wconf 75' lang='lat' dir='ltr'><strong>prebuimus</strong></span> <span class='ocrx_word' id='word_1_146' title='bbox 1540 2425 1621 2488; x_wconf 87' lang='lat' dir='ltr'><strong>ante</strong></span> 
     </span>
     <span class='ocr_line' id='line_1_16' title="bbox 212 2534 1623 2631; baseline 0 -21"><span class='ocrx_word' id='word_1_147' title='bbox 212 2547 367 2610; x_wconf 90' lang='lat' dir='ltr'><strong>castrum</strong></span> <span class='ocrx_word' id='word_1_148' title='bbox 388 2536 609 2629; x_wconf 78' lang='lat' dir='ltr'><strong>Sitnenperge</strong></span> <span class='ocrx_word' id='word_1_149' title='bbox 627 2534 673 2607; x_wconf 90' lang='lat' dir='ltr'><strong>ad</strong></span> <span class='ocrx_word' id='word_1_150' title='bbox 693 2545 848 2606; x_wconf 91' lang='lat' dir='ltr'><strong>nostrum</strong></span> <span class='ocrx_word' id='word_1_151' title='bbox 862 2535 1028 2630; x_wconf 88' lang='lat' dir='ltr'><strong>placitum</strong></span> <span class='ocrx_word' id='word_1_152' title='bbox 1048 2536 1223 2628; x_wconf 78' lang='lat' dir='ltr'><strong>generale,</strong></span> <span class='ocrx_word' id='word_1_153' title='bbox 1243 2536 1303 2608; x_wconf 94' lang='lat' dir='ltr'><strong>ubi</strong></span> <span class='ocrx_word' id='word_1_154' title='bbox 1324 2536 1499 2631; x_wconf 90' lang='lat' dir='ltr'><strong>predictus</strong></span> <span class='ocrx_word' id='word_1_155' title='bbox 1514 2539 1623 2611; x_wconf 90' lang='lat' dir='ltr'><strong>abbas</strong></span> 
     </span>
     <span class='ocr_line' id='line_1_17' title="bbox 212 2657 1624 2758; baseline 0.001 -27"><span class='ocrx_word' id='word_1_156' title='bbox 212 2671 377 2758; x_wconf 85' lang='lat' dir='ltr'><strong>presente</strong></span> <span class='ocrx_word' id='word_1_157' title='bbox 393 2657 577 2732; x_wconf 85' lang='lat' dir='ltr'><strong>Chunrado</strong></span> <span class='ocrx_word' id='word_1_158' title='bbox 593 2657 799 2750; x_wconf 78' lang='lat' dir='ltr'><strong>Frisingensi</strong></span> <span class='ocrx_word' id='word_1_159' title='bbox 813 2658 994 2754; x_wconf 84' lang='lat' dir='ltr'><strong>episcopo,</strong></span> <span class='ocrx_word' id='word_1_160' title='bbox 1012 2661 1137 2731; x_wconf 86' lang='lat' dir='ltr'><strong>comite</strong></span> <span class='ocrx_word' id='word_1_161' title='bbox 1154 2659 1337 2732; x_wconf 81' lang='lat' dir='ltr'><strong>chunrado</strong></span> <span class='ocrx_word' id='word_1_162' title='bbox 1353 2659 1397 2731; x_wconf 91' lang='lat' dir='ltr'><strong>de</strong></span> <span class='ocrx_word' id='word_1_163' title='bbox 1414 2658 1571 2732; x_wconf 77' lang='lat' dir='ltr'><strong>ilardelte</strong></span> <span class='ocrx_word' id='word_1_164' title='bbox 1588 2669 1624 2732; x_wconf 90' lang='lat' dir='ltr'><strong>et</strong></span> 
     </span>
     <span class='ocr_line' id='line_1_18' title="bbox 213 2781 1624 2877; baseline 0 -21"><span class='ocrx_word' id='word_1_165' title='bbox 213 2784 335 2856; x_wconf 88' lang='lat' dir='ltr'><strong>multis</strong></span> <span class='ocrx_word' id='word_1_166' title='bbox 362 2781 641 2854; x_wconf 84' lang='lat' dir='ltr'><strong>ministerialibus</strong></span> <span class='ocrx_word' id='word_1_167' title='bbox 663 2783 807 2873; x_wconf 88' lang='lat' dir='ltr'><strong>nostris,</strong></span> <span class='ocrx_word' id='word_1_168' title='bbox 830 2803 893 2877; x_wconf 92' lang='lat' dir='ltr'><strong>per</strong></span> <span class='ocrx_word' id='word_1_169' title='bbox 917 2782 1017 2877; x_wconf 91' lang='lat' dir='ltr'><strong>plura</strong></span> <span class='ocrx_word' id='word_1_170' title='bbox 1041 2782 1221 2877; x_wconf 81' lang='lat' dir='ltr'><strong>privilegia</strong></span> <span class='ocrx_word' id='word_1_171' title='bbox 1248 2782 1457 2854; x_wconf 85' lang='lat' dir='ltr'><strong>sufficienter</strong></span> <span class='ocrx_word' id='word_1_172' title='bbox 1472 2782 1624 2856; x_wconf 82' lang='lat' dir='ltr'><strong>ostendit</strong></span> 
     </span>
     <span class='ocr_line' id='line_1_19' title="bbox 214 2904 1623 3003; baseline -0.001 -22"><span class='ocrx_word' id='word_1_173' title='bbox 214 2907 312 3003; x_wconf 89' lang='lat' dir='ltr'><strong>quod</strong></span> <span class='ocrx_word' id='word_1_174' title='bbox 332 2907 368 2978; x_wconf 92' lang='lat' dir='ltr'><strong>in</strong></span> <span class='ocrx_word' id='word_1_175' title='bbox 389 2905 549 2980; x_wconf 87' lang='lat' dir='ltr'><strong>omnibus</strong></span> <span class='ocrx_word' id='word_1_176' title='bbox 570 2904 842 3000; x_wconf 88' lang='lat' dir='ltr'><strong>possessionibus</strong></span> <span class='ocrx_word' id='word_1_177' title='bbox 861 2905 1005 2978; x_wconf 89' lang='lat' dir='ltr'><strong>ecclesie</strong></span> <span class='ocrx_word' id='word_1_178' title='bbox 1033 2927 1095 2978; x_wconf 89' lang='lat' dir='ltr'><strong>sue</strong></span> <span class='ocrx_word' id='word_1_179' title='bbox 1118 2906 1253 2977; x_wconf 92' lang='lat' dir='ltr'><strong>nullum</strong></span> <span class='ocrx_word' id='word_1_180' title='bbox 1275 2915 1472 3001; x_wconf 85' lang='lat' dir='ltr'><strong>proteruus</strong></span> <span class='ocrx_word' id='word_1_181' title='bbox 1494 2907 1623 2980; x_wconf 90' lang='lat' dir='ltr'><strong>habere</strong></span> 
     </span>
     <span class='ocr_line' id='line_1_20' title="bbox 215 3027 1626 3123; baseline -0.001 -18"><span class='ocrx_word' id='word_1_182' title='bbox 215 3031 346 3106; x_wconf 90' lang='lat' dir='ltr'><strong>debeat</strong></span> <span class='ocrx_word' id='word_1_183' title='bbox 374 3031 595 3103; x_wconf 89' lang='lat' dir='ltr'><strong>advocatum.</strong></span> <span class='ocrx_word' id='word_1_184' title='bbox 619 3030 690 3101; x_wconf 88' lang='lat' dir='ltr'><strong>Nos</strong></span> <span class='ocrx_word' id='word_1_185' title='bbox 718 3029 835 3122; x_wconf 91' lang='lat' dir='ltr'><strong>itaque</strong></span> <span class='ocrx_word' id='word_1_186' title='bbox 863 3029 1022 3102; x_wconf 90' lang='lat' dir='ltr'><strong>eamdem</strong></span> <span class='ocrx_word' id='word_1_187' title='bbox 1049 3027 1265 3100; x_wconf 89' lang='lat' dir='ltr'><strong>advocatiam</strong></span> <span class='ocrx_word' id='word_1_188' title='bbox 1293 3029 1382 3102; x_wconf 90' lang='lat' dir='ltr'><strong>sicut</strong></span> <span class='ocrx_word' id='word_1_189' title='bbox 1405 3031 1536 3123; x_wconf 80' lang='lat' dir='ltr'><strong>iustum</strong></span> <span class='ocrx_word' id='word_1_190' title='bbox 1561 3032 1626 3103; x_wconf 88' lang='lat' dir='ltr'><strong>luit</strong></span> 
     </span>
     <span class='ocr_line' id='line_1_21' title="bbox 216 3151 1626 3249; baseline 0 -23"><span class='ocrx_word' id='word_1_191' title='bbox 216 3165 337 3228; x_wconf 90' lang='lat' dir='ltr'><strong>nostre</strong></span> <span class='ocrx_word' id='word_1_192' title='bbox 353 3153 568 3226; x_wconf 81' lang='lat' dir='ltr'><strong>adtraximus</strong></span> <span class='ocrx_word' id='word_1_193' title='bbox 586 3152 764 3248; x_wconf 88' lang='lat' dir='ltr'><strong>potestati,</strong></span> <span class='ocrx_word' id='word_1_194' title='bbox 784 3151 990 3224; x_wconf 87' lang='lat' dir='ltr'><strong>mandantes</strong></span> <span class='ocrx_word' id='word_1_195' title='bbox 1006 3164 1045 3224; x_wconf 92' lang='lat' dir='ltr'><strong>ut</strong></span> <span class='ocrx_word' id='word_1_196' title='bbox 1060 3152 1176 3224; x_wconf 90' lang='lat' dir='ltr'><strong>nullus</strong></span> <span class='ocrx_word' id='word_1_197' title='bbox 1191 3174 1250 3225; x_wconf 91' lang='lat' dir='ltr'><strong>eos</strong></span> <span class='ocrx_word' id='word_1_198' title='bbox 1265 3153 1300 3223; x_wconf 94' lang='lat' dir='ltr'><strong>in</strong></span> <span class='ocrx_word' id='word_1_199' title='bbox 1314 3154 1385 3225; x_wconf 88' lang='lat' dir='ltr'><strong>suis</strong></span> <span class='ocrx_word' id='word_1_200' title='bbox 1401 3154 1626 3249; x_wconf 88' lang='lat' dir='ltr'><strong>possessioni·</strong></span> 
     </span>
     <span class='ocr_line' id='line_1_22' title="bbox 216 3275 1626 3371; baseline 0.001 -23"><span class='ocrx_word' id='word_1_201' title='bbox 216 3278 286 3348; x_wconf 90' lang='lat' dir='ltr'><strong>bus</strong></span> <span class='ocrx_word' id='word_1_202' title='bbox 301 3275 482 3348; x_wconf 87' lang='lat' dir='ltr'><strong>occasione</strong></span> <span class='ocrx_word' id='word_1_203' title='bbox 496 3275 678 3347; x_wconf 87' lang='lat' dir='ltr'><strong>advocatie</strong></span> <span class='ocrx_word' id='word_1_204' title='bbox 697 3285 818 3367; x_wconf 81' lang='lat' dir='ltr'><strong>gravet</strong></span> <span class='ocrx_word' id='word_1_205' title='bbox 837 3276 882 3347; x_wconf 93' lang='lat' dir='ltr'><strong>de</strong></span> <span class='ocrx_word' id='word_1_206' title='bbox 903 3285 1018 3348; x_wconf 88' lang='lat' dir='ltr'><strong>cetero</strong></span> <span class='ocrx_word' id='word_1_207' title='bbox 1037 3284 1099 3347; x_wconf 91' lang='lat' dir='ltr'><strong>aut</strong></span> <span class='ocrx_word' id='word_1_208' title='bbox 1111 3275 1287 3366; x_wconf 88' lang='lat' dir='ltr'><strong>molestet;</strong></span> <span class='ocrx_word' id='word_1_209' title='bbox 1307 3278 1400 3370; x_wconf 91' lang='lat' dir='ltr'><strong>quod</strong></span> <span class='ocrx_word' id='word_1_210' title='bbox 1416 3276 1626 3371; x_wconf 89' lang='lat' dir='ltr'><strong>quicumque</strong></span> 
     </span>
     <span class='ocr_line' id='line_1_23' title="bbox 216 3398 1628 3492; baseline 0.001 -19"><span class='ocrx_word' id='word_1_211' title='bbox 216 3410 341 3473; x_wconf 91' lang='lat' dir='ltr'><strong>eontra</strong></span> <span class='ocrx_word' id='word_1_212' title='bbox 350 3401 409 3492; x_wconf 86' lang='lat' dir='ltr'><strong>jus</strong></span> <span class='ocrx_word' id='word_1_213' title='bbox 421 3409 457 3470; x_wconf 89' lang='lat' dir='ltr'><strong>et</strong></span> <span class='ocrx_word' id='word_1_214' title='bbox 473 3407 593 3471; x_wconf 91' lang='lat' dir='ltr'><strong>contra</strong></span> <span class='ocrx_word' id='word_1_215' title='bbox 604 3399 806 3470; x_wconf 91' lang='lat' dir='ltr'><strong>mandatum</strong></span> <span class='ocrx_word' id='word_1_216' title='bbox 819 3411 974 3472; x_wconf 91' lang='lat' dir='ltr'><strong>nostrum</strong></span> <span class='ocrx_word' id='word_1_217' title='bbox 987 3398 1134 3471; x_wconf 87' lang='lat' dir='ltr'><strong>eandem</strong></span> <span class='ocrx_word' id='word_1_218' title='bbox 1147 3400 1327 3472; x_wconf 89' lang='lat' dir='ltr'><strong>eeclesiam</strong></span> <span class='ocrx_word' id='word_1_219' title='bbox 1339 3400 1384 3472; x_wconf 96' lang='lat' dir='ltr'><strong>de</strong></span> <span class='ocrx_word' id='word_1_220' title='bbox 1399 3411 1513 3474; x_wconf 88' lang='lat' dir='ltr'><strong>cetero</strong></span> <span class='ocrx_word' id='word_1_221' title='bbox 1524 3402 1628 3474; x_wconf 87' lang='lat' dir='ltr'><strong>inles-</strong></span> 
     </span>
     <span class='ocr_line' id='line_1_24' title="bbox 218 3522 1628 3619; baseline 0.003 -25"><span class='ocrx_word' id='word_1_222' title='bbox 218 3522 360 3611; x_wconf 76' lang='lat' dir='ltr'><strong>tavent,</strong></span> <span class='ocrx_word' id='word_1_223' title='bbox 378 3523 476 3594; x_wconf 92' lang='lat' dir='ltr'><strong>illum</strong></span> <span class='ocrx_word' id='word_1_224' title='bbox 490 3522 579 3594; x_wconf 91' lang='lat' dir='ltr'><strong>sicut</strong></span> <span class='ocrx_word' id='word_1_225' title='bbox 592 3522 679 3594; x_wconf 92' lang='lat' dir='ltr'><strong>ratio</strong></span> <span class='ocrx_word' id='word_1_226' title='bbox 693 3523 1043 3618; x_wconf 80' lang='lat' dir='ltr'><strong>exegeritpuniemus</strong></span> <span class='ocrx_word' id='word_1_227' title='bbox 1056 3533 1186 3617; x_wconf 89' lang='lat' dir='ltr'><strong>utpote</strong></span> <span class='ocrx_word' id='word_1_228' title='bbox 1200 3524 1308 3596; x_wconf 90' lang='lat' dir='ltr'><strong>nostri</strong></span> <span class='ocrx_word' id='word_1_229' title='bbox 1320 3524 1498 3618; x_wconf 89' lang='lat' dir='ltr'><strong>nostrique</strong></span> <span class='ocrx_word' id='word_1_230' title='bbox 1505 3525 1628 3619; x_wconf 83' lang='lat' dir='ltr'><strong>judicii</strong></span> 
     </span>
     <span class='ocr_line' id='line_1_25' title="bbox 219 3645 1625 3742; baseline 0.001 -24"><span class='ocrx_word' id='word_1_231' title='bbox 219 3655 509 3741; x_wconf 88' lang='lat' dir='ltr'><strong>contemptorem.</strong></span> <span class='ocrx_word' id='word_1_232' title='bbox 529 3647 640 3738; x_wconf 87' lang='lat' dir='ltr'><strong>Hujus</strong></span> <span class='ocrx_word' id='word_1_233' title='bbox 655 3645 706 3718; x_wconf 90' lang='lat' dir='ltr'><strong>rei</strong></span> <span class='ocrx_word' id='word_1_234' title='bbox 731 3655 835 3718; x_wconf 88' lang='lat' dir='ltr'><strong>testes</strong></span> <span class='ocrx_word' id='word_1_235' title='bbox 856 3657 937 3718; x_wconf 90' lang='lat' dir='ltr'><strong>sunt</strong></span> <span class='ocrx_word' id='word_1_236' title='bbox 958 3647 1162 3719; x_wconf 86' lang='lat' dir='ltr'><strong>Chunradus</strong></span> <span class='ocrx_word' id='word_1_237' title='bbox 1188 3647 1369 3742; x_wconf 87' lang='lat' dir='ltr'><strong>episcopus</strong></span> <span class='ocrx_word' id='word_1_238' title='bbox 1388 3647 1625 3739; x_wconf 78' lang='lat' dir='ltr'><strong>Frisingensis‚</strong></span> 
     </span>
     <span class='ocr_line' id='line_1_26' title="bbox 221 3769 1627 3861; baseline 0.001 -19"><span class='ocrx_word' id='word_1_239' title='bbox 221 3790 340 3842; x_wconf 89' lang='lat' dir='ltr'><strong>comes</strong></span> <span class='ocrx_word' id='word_1_240' title='bbox 359 3769 564 3842; x_wconf 87' lang='lat' dir='ltr'><strong>Chunradus</strong></span> <span class='ocrx_word' id='word_1_241' title='bbox 583 3769 628 3842; x_wconf 94' lang='lat' dir='ltr'><strong>de</strong></span> <span class='ocrx_word' id='word_1_242' title='bbox 648 3769 824 3860; x_wconf 87' lang='lat' dir='ltr'><strong>Hardeke,</strong></span> <span class='ocrx_word' id='word_1_243' title='bbox 840 3770 1021 3842; x_wconf 80' lang='lat' dir='ltr'><strong>heinricus</strong></span> <span class='ocrx_word' id='word_1_244' title='bbox 1040 3770 1084 3842; x_wconf 93' lang='lat' dir='ltr'><strong>de</strong></span> <span class='ocrx_word' id='word_1_245' title='bbox 1105 3772 1261 3861; x_wconf 87' lang='lat' dir='ltr'><strong>Prunne‚</strong></span> <span class='ocrx_word' id='word_1_246' title='bbox 1280 3770 1447 3842; x_wconf 87' lang='lat' dir='ltr'><strong>lrnlridus</strong></span> <span class='ocrx_word' id='word_1_247' title='bbox 1468 3772 1512 3844; x_wconf 89' lang='lat' dir='ltr'><strong>de</strong></span> <span class='ocrx_word' id='word_1_248' title='bbox 1531 3773 1627 3843; x_wconf 86' lang='lat' dir='ltr'><strong>ilim·</strong></span> 
     </span>
     <span class='ocr_line' id='line_1_27' title="bbox 221 3891 1629 3986; baseline 0.004 -23"><span class='ocrx_word' id='word_1_249' title='bbox 221 3911 343 3986; x_wconf 78' lang='lat' dir='ltr'><strong>perge,</strong></span> <span class='ocrx_word' id='word_1_250' title='bbox 358 3891 528 3964; x_wconf 86' lang='lat' dir='ltr'><strong>Henricus</strong></span> <span class='ocrx_word' id='word_1_251' title='bbox 545 3891 590 3963; x_wconf 93' lang='lat' dir='ltr'><strong>de</strong></span> <span class='ocrx_word' id='word_1_252' title='bbox 607 3892 768 3980; x_wconf 88' lang='lat' dir='ltr'><strong>Sevelde,</strong></span> <span class='ocrx_word' id='word_1_253' title='bbox 784 3891 998 3964; x_wconf 77' lang='lat' dir='ltr'><strong>hademarus</strong></span> <span class='ocrx_word' id='word_1_254' title='bbox 1014 3891 1058 3964; x_wconf 93' lang='lat' dir='ltr'><strong>de</strong></span> <span class='ocrx_word' id='word_1_255' title='bbox 1075 3892 1343 3983; x_wconf 87' lang='lat' dir='ltr'><strong>Sunuenberch‚</strong></span> <span class='ocrx_word' id='word_1_256' title='bbox 1362 3893 1569 3966; x_wconf 89' lang='lat' dir='ltr'><strong>Wichardus</strong></span> <span class='ocrx_word' id='word_1_257' title='bbox 1584 3895 1629 3968; x_wconf 89' lang='lat' dir='ltr'><strong>de</strong></span> 
     </span>
     <span class='ocr_line' id='line_1_28' title="bbox 221 4014 1630 4110; baseline 0.004 -24"><span class='ocrx_word' id='word_1_258' title='bbox 221 4014 438 4110; x_wconf 76' lang='lat' dir='ltr'><strong>Arnsteyne,</strong></span> <span class='ocrx_word' id='word_1_259' title='bbox 460 4015 640 4087; x_wconf 86' lang='lat' dir='ltr'><strong>Heinrious</strong></span> <span class='ocrx_word' id='word_1_260' title='bbox 662 4014 706 4087; x_wconf 91' lang='lat' dir='ltr'><strong>de</strong></span> <span class='ocrx_word' id='word_1_261' title='bbox 728 4014 973 4106; x_wconf 88' lang='lat' dir='ltr'><strong>Hukanberch,</strong></span> <span class='ocrx_word' id='word_1_262' title='bbox 994 4015 1199 4089; x_wconf 85' lang='lat' dir='ltr'><strong>Chunradus</strong></span> <span class='ocrx_word' id='word_1_263' title='bbox 1223 4026 1259 4088; x_wconf 90' lang='lat' dir='ltr'><strong>et</strong></span> <span class='ocrx_word' id='word_1_264' title='bbox 1282 4017 1416 4089; x_wconf 87' lang='lat' dir='ltr'><strong>Ulrious</strong></span> <span class='ocrx_word' id='word_1_265' title='bbox 1440 4019 1563 4090; x_wconf 84' lang='lat' dir='ltr'><strong>tratres</strong></span> <span class='ocrx_word' id='word_1_266' title='bbox 1585 4019 1630 4092; x_wconf 92' lang='lat' dir='ltr'><strong>de</strong></span> 
     </span>
     <span class='ocr_line' id='line_1_29' title="bbox 223 4137 1632 4237; baseline 0.004 -27"><span class='ocrx_word' id='word_1_267' title='bbox 223 4137 424 4234; x_wconf 81' lang='lat' dir='ltr'><strong>Himperge,</strong></span> <span class='ocrx_word' id='word_1_268' title='bbox 435 4139 570 4212; x_wconf 89' lang='lat' dir='ltr'><strong>Ulricus</strong></span> <span class='ocrx_word' id='word_1_269' title='bbox 585 4140 630 4212; x_wconf 88' lang='lat' dir='ltr'><strong>de</strong></span> <span class='ocrx_word' id='word_1_270' title='bbox 645 4139 875 4234; x_wconf 79' lang='lat' dir='ltr'><strong>Chirchlinge,</strong></span> <span class='ocrx_word' id='word_1_271' title='bbox 888 4141 987 4234; x_wconf 80' lang='lat' dir='ltr'><strong>Hugo</strong></span> <span class='ocrx_word' id='word_1_272' title='bbox 1002 4151 1037 4212; x_wconf 90' lang='lat' dir='ltr'><strong>et</strong></span> <span class='ocrx_word' id='word_1_273' title='bbox 1049 4141 1130 4213; x_wconf 91' lang='lat' dir='ltr'><strong>Otto</strong></span> <span class='ocrx_word' id='word_1_274' title='bbox 1145 4141 1328 4232; x_wconf 74' lang='lat' dir='ltr'><strong>TursoneS‚</strong></span> <span class='ocrx_word' id='word_1_275' title='bbox 1345 4142 1477 4237; x_wconf 86' lang='lat' dir='ltr'><strong>Rapoto</strong></span> <span class='ocrx_word' id='word_1_276' title='bbox 1492 4152 1527 4215; x_wconf 91' lang='lat' dir='ltr'><strong>et</strong></span> <span class='ocrx_word' id='word_1_277' title='bbox 1540 4143 1632 4216; x_wconf 87' lang='lat' dir='ltr'><strong>Had-</strong></span> 
     </span>
    </p>
   </div>
   <div class='ocr_carea' id='block_1_4' title="bbox 268 4312 646 4394">
    <p class='ocr_par' dir='ltr' id='par_1_5' title="bbox 268 4312 646 4394">
     <span class='ocr_line' id='line_1_30' title="bbox 268 4312 646 4394; baseline 0.011 -20"><span class='ocrx_word' id='word_1_278' title='bbox 268 4312 311 4394; x_wconf 67' lang='grc' dir='ltr'><strong>(α)</strong></span> <span class='ocrx_word' id='word_1_279' title='bbox 332 4315 449 4378; x_wconf 78' lang='lat' dir='ltr'><strong>surroer</strong></span> <span class='ocrx_word' id='word_1_280' title='bbox 461 4314 497 4376; x_wconf 73' lang='lat' dir='ltr'><strong>cu</strong></span> <span class='ocrx_word' id='word_1_281' title='bbox 512 4315 646 4379; x_wconf 74' lang='lat' dir='ltr'><strong>emus.</strong></span> 
     </span>
    </p>
   </div>
   <div class='ocr_carea' id='block_1_5' title="bbox 227 4575 1636 4936">
    <p class='ocr_par' dir='ltr' id='par_1_6' title="bbox 227 4575 1636 4847">
     <span class='ocr_line' id='line_1_31' title="bbox 265 4575 1634 4652; baseline 0.008 -21"><span class='ocrx_word' id='word_1_282' title='bbox 265 4578 302 4650; x_wconf 82' lang='lat' dir='ltr'><strong>(t)</strong></span> <span class='ocrx_word' id='word_1_283' title='bbox 321 4597 336 4631; x_wconf 75' lang='grc' dir='ltr'><strong><em>ι</em></strong></span> <span class='ocrx_word' id='word_1_284' title='bbox 355 4579 425 4636; x_wconf 85' lang='lat' dir='ltr'><strong>ltem</strong></span> <span class='ocrx_word' id='word_1_285' title='bbox 441 4578 558 4638; x_wconf 86' lang='lat' dir='ltr'><strong>Ortollus</strong></span> <span class='ocrx_word' id='word_1_286' title='bbox 570 4579 656 4637; x_wconf 83' lang='lat' dir='ltr'><strong>abhas</strong></span> <span class='ocrx_word' id='word_1_287' title='bbox 671 4577 825 4636; x_wconf 84' lang='lat' dir='ltr'><strong>Gerstensis</strong></span> <span class='ocrx_word' id='word_1_288' title='bbox 842 4579 1031 4652; x_wconf 85' lang='lat' dir='ltr'><strong>imperatorem</strong></span> <span class='ocrx_word' id='word_1_289' title='bbox 1045 4575 1116 4652; x_wconf 92' lang='lat' dir='ltr'><strong>apud</strong></span> <span class='ocrx_word' id='word_1_290' title='bbox 1133 4575 1310 4634; x_wconf 84' lang='lat' dir='ltr'><strong>Chrononum</strong></span> <span class='ocrx_word' id='word_1_291' title='bbox 1324 4592 1373 4651; x_wconf 91' lang='lat' dir='ltr'><strong>pro</strong></span> <span class='ocrx_word' id='word_1_292' title='bbox 1393 4579 1491 4638; x_wconf 85' lang='lat' dir='ltr'><strong>suiset</strong></span> <span class='ocrx_word' id='word_1_293' title='bbox 1505 4582 1634 4642; x_wconf 85' lang='lat' dir='ltr'><strong>ecciesiae</strong></span> 
     </span>
     <span class='ocr_line' id='line_1_32' title="bbox 228 4673 1636 4750; baseline 0.006 -20"><span class='ocrx_word' id='word_1_294' title='bbox 228 4675 345 4746; x_wconf 74' lang='lat' dir='ltr'><strong>mgutiis</strong></span> <span class='ocrx_word' id='word_1_295' title='bbox 356 4675 456 4748; x_wconf 75' lang='lat' dir='ltr'><strong>euitat,</strong></span> <span class='ocrx_word' id='word_1_296' title='bbox 467 4675 612 4734; x_wconf 87' lang='lat' dir='ltr'><strong>honorilice</strong></span> <span class='ocrx_word' id='word_1_297' title='bbox 623 4676 750 4750; x_wconf 86' lang='lat' dir='ltr'><strong>recipitur</strong></span> <span class='ocrx_word' id='word_1_298' title='bbox 761 4683 789 4733; x_wconf 84' lang='lat' dir='ltr'><strong>et</strong></span> <span class='ocrx_word' id='word_1_299' title='bbox 799 4690 848 4749; x_wconf 88' lang='lat' dir='ltr'><strong>pro</strong></span> <span class='ocrx_word' id='word_1_300' title='bbox 859 4690 910 4732; x_wconf 78' lang='lat' dir='ltr'><strong>sua</strong></span> <span class='ocrx_word' id='word_1_301' title='bbox 922 4675 1058 4733; x_wconf 81' lang='lat' dir='ltr'><strong>voluntate</strong></span> <span class='ocrx_word' id='word_1_302' title='bbox 1071 4673 1254 4732; x_wconf 84' lang='lat' dir='ltr'><strong>honorabilius</strong></span> <span class='ocrx_word' id='word_1_303' title='bbox 1264 4673 1400 4748; x_wconf 80' lang='lat' dir='ltr'><strong>dimissus,</strong></span> <span class='ocrx_word' id='word_1_304' title='bbox 1414 4683 1503 4738; x_wconf 80' lang='lat' dir='ltr'><strong>eto...</strong></span> <span class='ocrx_word' id='word_1_305' title='bbox 1516 4698 1529 4733; x_wconf 74' lang='lat' dir='ltr'><strong>s</strong></span> <span class='ocrx_word' id='word_1_306' title='bbox 1543 4680 1636 4740; x_wconf 77' lang='lat' dir='ltr'><strong>Obro-</strong></span> 
     </span>
     <span class='ocr_line' id='line_1_33' title="bbox 227 4771 1184 4847; baseline 0.001 -20"><span class='ocrx_word' id='word_1_307' title='bbox 227 4771 286 4827; x_wconf 75' lang='lat' dir='ltr'><strong>oio.</strong></span> <span class='ocrx_word' id='word_1_308' title='bbox 300 4772 450 4843; x_wconf 67' lang='lat' dir='ltr'><strong>(iuraturus,</strong></span> <span class='ocrx_word' id='word_1_309' title='bbox 463 4773 499 4831; x_wconf 89' lang='lat' dir='ltr'><strong>ad</strong></span> <span class='ocrx_word' id='word_1_310' title='bbox 511 4789 574 4831; x_wconf 85' lang='lat' dir='ltr'><strong>ann.</strong></span> <span class='ocrx_word' id='word_1_311' title='bbox 589 4775 668 4845; x_wconf 79' lang='lat' dir='ltr'><strong>tate,</strong></span> <span class='ocrx_word' id='word_1_312' title='bbox 681 4789 728 4847; x_wconf 86' lang='lat' dir='ltr'><strong>ap.</strong></span> <span class='ocrx_word' id='word_1_313' title='bbox 742 4773 849 4845; x_wconf 65' lang='lat' dir='ltr'><strong>moun,</strong></span> <span class='ocrx_word' id='word_1_314' title='bbox 863 4773 1009 4847; x_wconf 66' lang='lat' dir='ltr'><strong>Scriptus,</strong></span> <span class='ocrx_word' id='word_1_315' title='bbox 1024 4780 1045 4830; x_wconf 92' lang='lat' dir='ltr'><strong>t.</strong></span> <span class='ocrx_word' id='word_1_316' title='bbox 1060 4773 1083 4843; x_wconf 87' lang='lat' dir='ltr'><strong>l,</strong></span> <span class='ocrx_word' id='word_1_317' title='bbox 1098 4788 1127 4845; x_wconf 90' lang='lat' dir='ltr'><strong>p.</strong></span> <span class='ocrx_word' id='word_1_318' title='bbox 1139 4774 1184 4829; x_wconf 83' lang='grc'><strong>36.</strong></span> 
     </span>
    </p>

    <p class='ocr_par' dir='ltr' id='par_1_7' title="bbox 310 4869 1497 4936">
     <span class='ocr_line' id='line_1_34' title="bbox 310 4869 1497 4936; baseline 0.002 -3"><span class='ocrx_word' id='word_1_319' title='bbox 310 4869 364 4934; x_wconf 86' lang='lat' dir='ltr'><strong>vt.</strong></span> <span class='ocrx_word' id='word_1_320' title='bbox 383 4885 470 4932; x_wconf 76' lang='lat' dir='ltr'><strong>rma.</strong></span> <span class='ocrx_word' id='word_1_321' title='bbox 1459 4882 1497 4936; x_wconf 80' lang='lat'><strong>80</strong></span> 
     </span>
    </p>
   </div>
   <div class='ocr_carea' id='block_1_6' title="bbox 0 0 2191 5908">
    <p class='ocr_par' dir='ltr' id='par_1_8' title="bbox 0 0 2191 5908">
     <span class='ocr_line' id='line_1_35' title="bbox 0 0 2191 5908; baseline 0 0"><span class='ocrx_word' id='word_1_322' title='bbox 0 0 2191 5908; x_wconf 95' lang='lat' dir='ltr'><strong> </strong></span> 
     </span>
    </p>
   </div>
  </div>
 </body>
</html>
