4310 5908
522 620 582 681 762
1019 619 1237 684 Fulnuulcl
1262 621 1435 684 suctum
1737 622 1819 703 [Aur.
1836 623 1924 686 1250.

522 757 558 828 in
581 779 687 829 manu
710 757 789 829 lorti
813 766 849 828 et
866 756 1009 830 brachio
1026 765 1171 828 extenso
1196 753 1247 854 (a)
1269 757 1497 852 personaliter
1513 777 1578 830 nos
1602 756 1776 850 conferre,
1793 767 1833 830 ut
1847 756 1929 830 fide·

522 881 607 952 lium
625 890 822 952 nostrorum
841 880 901 974 qui
919 902 982 976 pro
998 878 1080 953 fidei
1100 889 1217 952 nostre
1235 881 1375 953 nomine
1392 891 1427 952 et
1442 880 1533 953 felici
1550 889 1642 953 statu
1658 881 1793 976 imperii
1810 901 1927 976 perso-

521 1024 645 1075 uamm
675 1005 829 1101 pericula
858 1013 893 1076 et
921 1026 1036 1075 rerum
1061 999 1243 1098 dispendia
1266 1024 1336 1075 non
1367 1003 1538 1093 vitarunt,
1565 1003 1687 1098 amplis
1712 1004 1925 1098 premiorum

522 1129 1112 1224 retributionibuscompensemus,
1133 1136 1169 1198 et
1191 1126 1355 1198 effrenem
1373 1127 1570 1221 superbiam
1591 1137 1787 1199 nostrorum
1809 1127 1924 1200 rebel·

521 1251 627 1341 lium,
653 1253 714 1344 qui
736 1273 830 1324 nunc
853 1252 897 1324 de
921 1251 1078 1323 absentia
1098 1259 1216 1322 nostra
1240 1250 1382 1322 lorsitan
1401 1251 1605 1344 gloriantur,
1631 1251 1786 1346 potentie
1809 1261 1926 1326 nostre

521 1377 647 1448 malleo
663 1386 894 1448 conteramus.
915 1375 1034 1469 Nuper
1051 1374 1218 1447 etiamad
1236 1373 1451 1448 roborandas
1470 1374 1507 1446 in
1529 1374 1652 1446 melius
1678 1375 1771 1446 vires
1790 1385 1927 1448 nostras

520 1498 771 1593 calojohannes
780 1499 922 1570 illustris
933 1499 1122 1593 imperator
1133 1497 1335 1589 Grecomm,
1344 1497 1493 1571 dilectus
1501 1493 1610 1590 gener
1617 1505 1747 1590 noster,
1763 1519 1926 1591 magnam

521 1621 622 1694 nobis
649 1623 878 1716 quantitatem
907 1620 1143 1694 archeriorum
1166 1630 1203 1693 et
1227 1621 1341 1713 gentis
1366 1619 1510 1692 alterius
1536 1619 1723 1692 destinavit
1743 1619 1814 1717 (l);
1844 1643 1924 1694 cum

521 1747 648 1839 quibus
682 1757 717 1818 et
750 1747 826 1818 aliis
851 1743 1103 1839 magnificentie
1125 1753 1243 1816 nostre
1271 1743 1455 1840 presidiis,
1483 1764 1553 1838 que
1586 1745 1848 1838 preparavimus
1872 1745 1925 1817 in·

521 1878 675 1959 stanter,
710 1870 760 1943 sic
787 1869 834 1942 ad
860 1869 1096 1942 confusionem
1123 1878 1321 1940 nostrorum
1349 1867 1532 1940 rebellium
1559 1868 1785 1963 proponimus
1809 1867 1922 1942 victo·

521 1994 611 2066 riose
640 1992 853 2089 procedere,
879 1992 974 2086 quod
1003 1992 1159 2087 potentie
1188 1991 1364 2064 vicinitate
1391 1991 1583 2087 perterriti,
1612 1991 1676 2063 vix
1698 1990 1865 2084 adjiciant
1886 2001 1926 2064 ut

520 2126 716 2210 resurgant.

572 2726 799 2812 Thomasius
822 2728 980 2814 Gentilis
1007 2754 1170 2841 magnae
1191 2728 1317 2840 regiae
1344 2727 1470 2812 curiae
1496 2727 1677 2837 magister
1700 2723 1925 2835 justitiarius

517 2871 555 2943 et
590 2859 768 2944 Nicoluus
804 2861 852 2944 de
884 2862 1009 2947 Trono
1037 2861 1207 2972 ejusdem
1235 2860 1362 2946 curiae
1392 2859 1508 2970 judex
1544 2857 1649 2942 litem
1677 2867 1925 2942 contestatam

518 3003 732 3077 memorant
756 2993 854 3078 inter
880 2993 1057 3078 abbatem
1085 3005 1122 3078 et
1147 3003 1373 3079 conventum
1403 2991 1563 3076 Sanctae
1589 2989 1752 3074 Helenae
1775 3016 1822 3072 ex
1847 3014 1926 3072 uua

518 3137 625 3236 parte
642 3137 678 3210 et
697 3127 968 3237 Rigandasiam
988 3152 1143 3211 uxorem
1162 3128 1357 3237 quondam
1376 3125 1462 3209 Iulii
1481 3125 1529 3208 de
1547 3123 1725 3234 Auglcua
1742 3149 1789 3206 ex
1807 3122 1924 3205 altera

519 3285 633 3368 super
661 3259 850 3343 casalibus
875 3259 1013 3345 Montis
1040 3258 1144 3343 Calvi
1173 3268 1211 3342 et
1234 3257 1433 3342 Tourriculi
1460 3268 1498 3341 ct
1527 3256 1742 3340 tenimentis
1770 3279 1922 3361 eorum,

517 3418 680 3502 eamque
701 3391 811 3501 juxta
836 3392 1007 3502 vigorem
1032 3391 1202 3474 mandati
1226 3389 1434 3500 imperialis
1460 3388 1571 3499 cujus
1598 3399 1707 3472 tenor
1729 3389 1922 3492 inseritur,

517 3522 771 3610 nonobstante
806 3523 1002 3634 privilegio
1032 3549 1055 3606 a
1083 3549 1172 3634 rege
1201 3523 1375 3607 Conrado
1406 3521 1531 3631 primo
1564 3531 1696 3604 contra
1730 3519 1925 3603 remtaoem

517 3657 691 3766 obtento,
712 3685 782 3766 pro
798 3657 1001 3767 praedictis
1020 3655 1158 3740 abbate
1175 3666 1213 3740 et
1230 3666 1419 3740 conuentu
1437 3653 1636 3737 dirimunt.

598 3897 715 3978 (Edldlt
735 3899 827 3960 Grov.
852 3898 952 3959 Anna.
979 3899 1074 3972 Tura,
1097 3896 1235 3958 Memoris
1252 3893 1372 3958 storicbc
1393 3891 1470 3956 della
1494 3891 1599 3956 cittis
1621 3892 1723 3954 dicen.
1745 3891 1778 3954 di
1797 3891 1923 3967 witto,

637 4003 690 4065 llb.
701 4004 755 4082 lv,
769 4021 835 4082 cup.
850 4003 890 4077 X,
905 4021 936 4082 p.
953 4011 1011 4064 lot
1027 4010 1057 4064 et
1069 4021 1153 4082 seqq.
1169 4001 1288 4083 (Roma,
1306 4010 1395 4077 174⁴,
1410 4007 1466 4077 4⁰),
1481 4017 1520 4062 ex
1531 4001 1634 4064 oborta
1647 4004 1679 4062 ln
1692 3999 1813 4062 archivo
1833 3999 1922 4077 eupit.

637 4111 737 4172 Lurln.
753 4111 842 4171 nlmle
854 4109 1036 4189 negllgeuter
1051 4107 1251 4188 trauscrlptt.)

561 4295 603 4377 (a)
623 4295 659 4358 In
676 4295 800 4358 codlclb.
815 4291 926 4356 carebo
938 4297 1004 4356 cito.

553 4633 590 4706 (t)
609 4629 797 4690 verisimiliter
807 4631 896 4704 agitur
909 4631 944 4688 de
955 4629 1008 4687 isto
1020 4627 1140 4686 subsidio
1151 4627 1229 4702 cujus
1241 4627 1403 4686 mentionem
1416 4625 1479 4685 lecit
1490 4626 1636 4702 imperator
1648 4625 1677 4682 in
1690 4623 1748 4682 aris
1758 4623 1793 4681 ad
1806 4619 1926 4680 llicbue-

517 4730 572 4786 lum
587 4729 734 4788 Cumanum
750 4727 855 4785 litteris.
869 4726 930 4785 vid.
946 4741 1042 4800 supra,
1057 4741 1086 4800 p.
1102 4727 1167 4782 76⁰.
